3184 5342
1416 415 1503 475 45

265 601 389 666 1100
478 621 685 665 errore
776 597 1231 663 absolvendum
1298 596 1674 662 Perizonius
1737 593 2084 659 Animadv.
2147 593 2306 660 hist
2371 617 2438 679 p.
2505 594 2642 659 428

262 708 420 772 haec
488 707 737 771 attulit:
814 706 1199 770 »Possumus
1266 703 1435 768 forte
1502 706 1571 767 et
1637 703 1930 787 Ampelio
1995 724 2078 766 ex
2135 707 2318 786 parte
2381 723 2642 766 saecur-

263 836 433 890 rere,
504 813 558 876 si
626 815 977 876 statuamus
1042 811 1365 894 scripsisse
1424 832 1571 873 eum
1637 831 1784 893 per
1847 807 2352 892 Caepionem
2411 807 2640 871 Lusi·

264 923 294 983 t
309 942 403 983 an
419 919 442 982 i
457 942 494 982 a
511 941 572 982 m
624 921 743 983 cet.
790 918 978 1002 idque
1024 918 1319 982 sollemni
1354 916 1704 980 scribarum
1745 916 2083 978 oscitantia
2103 917 2410 980 transiaee
2429 916 2641 999 primo

261 1026 332 1089 111
393 1026 609 1090 notius
653 1025 816 1089 illud
862 1046 1097 1088 nomen
1142 1022 1620 1108 Scipioni8‚
1665 1023 1748 1086 ab
1793 1022 1921 1086 alio
1965 1024 2196 1086 deinde
2239 1023 2530 1086 additum
2569 1025 2638 1086 τί

264 1155 296 1195 0
317 1156 353 1196 11
371 1155 412 1194 11
434 1135 475 1195 (1
492 1153 526 1195 0
543 1154 606 1194 111
624 1179 640 1207 ,
689 1130 1103 1214 intellegente
1164 1132 1231 1192 et
1288 1152 1329 1192 a
1394 1130 1618 1193 ceteris
1663 1128 2008 1192 lectoribus
2049 1129 2344 1213 intellegi
2383 1130 2644 1193 volente

262 1261 408 1303 eum
453 1236 811 1322 Scipionem
832 1283 847 1313 ‚
889 1237 967 1300 de
1006 1257 1133 1320 quo
1162 1236 1453 1319 proxime
1474 1237 1964 1320 praeeoeserat.”
1987 1233 2114 1316 (Cf.
2139 1237 2312 1319 App.
2339 1235 2492 1301 bell.
2517 1236 2640 1299 civ.

260 1344 366 1422 II,
426 1345 532 1421 14,
580 1342 689 1407 ubi
732 1362 850 1426 pro
898 1343 1191 1406 Καιπίωνι
1241 1345 1531 1406 Σκιπίωνι
1577 1341 1858 1423 legitur.)
1908 1339 2182 1404 Etiamsi
2225 1341 2642 1406 libentissime

264 1448 470 1513 fateor
532 1471 605 1514 ea
620 1495 638 1526 ,
701 1471 863 1534 quae
923 1449 1291 1513 Perizonius
1350 1449 1473 1512 hae
1535 1452 1614 1512 de
1667 1470 1734 1512 re
1777 1448 2032 1532 scripsit
2047 1495 2066 1524 ‚
2115 1449 2270 1512 salis
2311 1449 2642 1533 ingeniose

263 1556 526 1620 inventa
564 1577 723 1633 esse,
773 1576 991 1619 vereor
1036 1577 1118 1619 ne
1161 1555 1465 1620 audacius
1509 1556 1598 1618 sit
1639 1555 1754 1618 tali
1800 1554 1990 1618 modo
2035 1553 2440 1618 difficultates
2481 1577 2642 1620 enu-

265 1661 482 1727 cleare.
553 1661 780 1726 Potius
824 1662 1197 1726 crediderim
1239 1662 1363 1726 1100
1408 1660 1551 1725 1000
1598 1660 1960 1744 Ampelium
2007 1683 2048 1723 a
2091 1661 2642 1727 Pseudo-Victore

254 1749 605 1852 discrepare
626 1815 642 1845 ,
692 1789 827 1832 non
874 1771 1048 1852 quod
1096 1768 1291 1832 alium
1336 1767 1579 1832 fontem
1628 1771 1878 1832 secutus
1923 1767 2010 1830 sit
2053 1771 2172 1830 aut
2211 1768 2384 1852 quod
2423 1772 2642 1834 textus

253 1878 543 1959 receptus
604 1875 987 1959 depravatus
1048 1876 1169 1952 sit,
1229 1878 1339 1939 sed
1401 1876 1573 1958 quod
1638 1875 1970 1959 Ampelius
2015 1896 2226 1967 errore
2269 1875 2485 1960 lapsus
2530 1899 2606 1940 ea
2623 1924 2642 1955 ‚

253 2002 415 2065 quae
462 2003 500 2044 a
546 1980 621 2056 Q.
671 1980 869 2045 Fabio
913 1981 1195 2046 Maximo
1240 1979 1727 2046 Aemiliano
1765 1985 1948 2064 gesta
1992 2003 2124 2045 esse
2163 1982 2429 2066 legerat,
2453 1983 2642 2047 fratri

255 2088 329 2152 P.
359 2083 672 2152 'Cornelio
739 2086 1022 2172 Scipioni
1074 2087 1501 2152 Aemilian
1521 2109 1559 2150 o
1613 2086 1858 2153 tribuit.
1929 2085 2202 2152 Constat
2245 2090 2416 2152 enim
2463 2089 2640 2154 Viri-

260 2194 480 2258 athum
538 2216 575 2258 a
632 2193 705 2270 Q.
771 2194 968 2261 Fabio
1030 2195 1314 2258 Maximo
1373 2194 1738 2259 Aemiliano
1793 2195 2031 2288 victum
2097 2217 2231 2260 esse
2289 2193 2420 2281 (cf.
2465 2195 2640 2280 App.

257 2300 422 2367 Iber.
468 2301 605 2382 65).
1050 2337 1055 2340 ·

350 2408 626 2472 Restant
687 2411 814 2472 tres
857 2408 1015 2486 1001,
1063 2410 1173 2474 ubi
1218 2409 1556 2494 Ampelius
1602 2431 1643 2473 a
1687 2409 2240 2474 Pseudo-Victore
2285 2409 2642 2494 discrepare

262 2513 516 2583 videtur
534 2562 549 2593 ,
601 2516 710 2580 sed
755 2537 895 2580 cum
943 2515 1283 2599 diligenter
1328 2538 1437 2581 eos
1480 2519 1597 2580 aut
1636 2516 1810 2580 inter
1855 2539 1920 2581 se
1960 2521 2072 2581 aut
2107 2538 2253 2582 cum
2278 2518 2420 2582 aliis
2443 2518 2644 2601 scrip-

262 2619 541 2699 toribus,
592 2623 703 2706 qui
748 2623 824 2688 de
867 2622 1093 2688 iisdem
1139 2623 1327 2687 rebus
1372 2627 1614 2708 agunt,
1663 2645 2102 2708 comparamus
2122 2670 2139 2702 ‚
2182 2624 2469 2688 videmus
2493 2622 2646 2688 nul-

257 2727 389 2790 lam
438 2730 937 2793 controversiam
981 2729 1154 2794 inter
1199 2750 1305 2794 eos
1350 2733 1615 2796 exstare.

578 2833 769 2920 Amp.
824 2836 925 2921 18,
982 2837 1085 2900 19.
1728 2840 1808 2902 (10
1853 2838 1971 2904 vir.
2021 2838 2115 2902 ill.
2172 2840 2277 2917 77,
2330 2840 2390 2903 7.

297 2971 301 2976 ·
348 2939 690 3025 Pompeius
720 2991 735 3006 .
763 2991 777 3006 .
831 2963 1132 3027 magnam
1156 2947 1403 3028 partem
1584 2943 1929 3029 Pompeius
1956 2993 1971 3008 .
1998 2994 2014 3008 .
2062 2947 2304 3029 primus
2348 2947 2419 3010 in
2465 2949 2640 3032 Hyr-

257 3043 451 3110 Asiae
494 3047 666 3111 inter
716 3047 1039 3114 Oceanum
1059 3101 1075 3133 ‚
1104 3047 1404 3135 Caspium
1498 3072 1732 3114 eanum
1754 3099 1770 3129 ,
1830 3051 2122 3116 Rubrum
2184 3055 2251 3115 et
2295 3052 2650 3118 Arabicum

263 3151 677 3238 Rubrumque
746 3155 1029 3221 victoriis
1090 3157 1221 3222 suis
1285 3158 1402 3221 tri-
1495 3179 1668 3222 mare
1711 3181 1908 3243 usque
1953 3159 2265 3243 pervenit.

262 3259 640 3345 umphisque
684 3263 1067 3347 peragravit.

350 3365 475 3430 Res
496 3413 511 3444 ,
574 3389 737 3450 quae
796 3374 1093 3434 narratur
1114 3418 1130 3448 ‚
1193 3372 1362 3455 apud
1431 3375 1775 3457 utrumque
1837 3375 2055 3438 eadem
2119 3378 2250 3452 est,
2319 3377 2428 3441 sed
2476 3376 2648 3461 quod

259 3494 434 3537 mare
500 3475 1010 3541 Pseudo-Victor
1088 3477 1461 3562 Hyrcanum
1524 3484 1714 3545 vocat
1734 3529 1751 3559 ,
1813 3482 1981 3566 apud
2041 3481 2410 3567 Ampelium
2491 3479 2646 3546 Cas-

257 3580 437 3662 pium
524 3581 914 3665 appellatur‚
1008 3584 1176 3667 quod
1265 3585 1777 3652 Pseudo-Victor
1860 3610 2034 3652 mare
2113 3588 2406 3652 Rubrum
2479 3591 2652 3672 apud.

263 3684 629 3771 Ampelium
676 3686 963 3753 Oceanus
1007 3689 1111 3756 vel
1156 3689 1418 3756 Indicus
1461 3691 1788 3771 Oceanus,
1821 3695 1869 3778 ¹)
1916 3694 2088 3778 quod
2135 3692 2650 3759 Pseudo-Victor

264 3813 437 3858 mare
483 3793 829 3859 Arabicum
877 3799 1047 3880 apud
1093 3796 1459 3880 Ampelium
1505 3819 1680 3862 mare
1727 3798 2038 3863 Rubrum.
2090 3798 2212 3884 (Of.
2257 3798 2449 3884 Amp.
2481 3800 2542 3879 7,
2572 3802 2650 3865 1:

266 3899 487 3964 »Mare
504 3951 523 3984 ,
571 3923 699 3986 quo
724 3901 1041 3986 cingimur
1060 3953 1077 3987 ‚
1104 3903 1470 3969 universum
1493 3907 1758 3970 vocatur
1782 3904 2126 3973 Oceanum.
2177 3906 2322 3972 Hoe
2345 3910 2653 3991 quattuor

267 4006 634 4090 regionibus
692 4009 991 4093 irrumpit
1035 4009 1105 4072 in
1152 4011 1385 4075 terras:
1436 4033 1475 4074 a
1521 4012 1952 4095 septentrione
1998 4016 2262 4077 vocatur
2311 4011 2613 4098 Caspium
2634 4060 2650 4090 ‚

265 4111 348 4175 ab
419 4112 676 4178 Oriente
744 4115 1069 4179 Persicum
1090 4162 1105 4193 ‚
1170 4138 1207 4179 a
1268 4117 1529 4181 meridie
1586 4116 1933 4184 Arabicum
1955 4167 1970 4198 ,
2027 4120 2195 4185 idem
2245 4112 2538 4184 Rubrum
2589 4120 2655 4182 et

340 4464 399 4535 1)
450 4461 528 4520 Cf.
580 4465 739 4536 Amp.
789 4463 888 4530 47,
940 4467 969 4518 5
1020 4462 1131 4519 Sub
1179 4463 1281 4520 hoc
1300 4505 1314 4520 .
1338 4509 1349 4520 .
1402 4463 1536 4520 duce
1586 4464 1886 4538 (Pompeio)
1944 4449 2194 4538 (populus
2242 4465 2542 4539 Romanus)
2587 4465 2653 4523 ad

266 4551 518 4609 Indicum
558 4552 825 4608 Oceanum
862 4557 917 4608 et
950 4551 1200 4608 Rubrum
1234 4570 1380 4608 mare
1414 4571 1583 4624 usque
1613 4553 1866 4626 pervenit.
