3184 5342
1461 308 1544 411 73

293 516 620 619 Regillum
663 530 927 600 Cossum
958 533 1355 615 pugnantem
1378 529 1602 595 fecisse
1626 530 1894 597 videtur.
1922 529 2149 599 Cetera
2168 579 2185 610 ,
2211 554 2373 617 quae
2398 532 2683 598 Pseudo-

288 640 522 705 Victor
583 638 706 703 hoc
767 638 972 722 capite
1027 640 1249 702 narrat
1268 684 1283 715 ,
1334 641 1705 721 congruunt
1752 660 1898 703 cum
1943 637 2021 703 iis
2044 686 2059 717 ,
2106 660 2269 724 quae
2317 638 2430 702 alii
2475 638 2681 723 scrip-

289 749 464 811 tores
509 744 632 810 hac
678 745 754 809 de
799 763 1024 829 pugna
1069 747 1591 809 commemorant.

350 955 593 1042 Caput
660 957 886 1023 XVII.
948 956 1178 1035 Multa,
1238 978 1402 1042 quae
1459 958 1743 1022 Pseudo·
1751 956 1977 1022 Victor
2020 956 2144 1022 hoc
2191 958 2400 1041 capite
2446 958 2646 1022 tradit
2665 1005 2682 1037 ,

287 1063 686 1148 discrepant
716 1064 796 1127 ab
857 1064 937 1127 iis
957 1110 974 1143 ,
1042 1084 1203 1149 quae
1265 1065 1435 1148 apud
1498 1084 1721 1129 omnes
1768 1063 1925 1128 alios
1972 1062 2309 1148 scriptores
2354 1063 2679 1148 leguntur.

283 1169 480 1235 Errat
541 1169 1074 1248 Pseudo-Victor,
1137 1169 1248 1234 ubi
1309 1168 1510 1234 refert
1555 1168 2017 1236 Cincinnatum
2062 1170 2268 1234 filium
2316 1168 2681 1247 abdicasse;

286 1276 471 1339 nulla
516 1276 690 1341 enim
735 1280 872 1341 erat
896 1276 1065 1361 apud
1103 1275 1430 1341 Romanos
1454 1276 1809 1362 abdicatio;
1835 1264 2063 1341 contra
2084 1298 2330 1361 semper
2354 1280 2420 1341 et
2444 1276 2680 1361 ubique

283 1381 710 1447 Cincinnatus
732 1382 866 1448 filio
891 1382 1096 1457 adfuit
1118 1404 1498 1467 omnemque
1517 1404 1775 1467 operam
1791 1382 2108 1461 adhibuit,
2126 1404 2253 1468 qua
2268 1382 2519 1467 plebem
2537 1403 2681 1467 per-

286 1492 574 1554 moveret
607 1493 682 1554 ut
719 1490 840 1555 sibi
879 1490 1080 1556 filium
1121 1490 1599 1567 condonarent3
1624 1511 1750 1575 quo
1775 1493 2082 1555 damnato
2109 1512 2175 1555 se
2196 1490 2677 1555 infestissimum
2712 1514 2718 1520 ·

284 1597 583 1682 praebuit
625 1598 704 1662 iis
730 1645 745 1676 ,
792 1598 903 1682 qui
948 1598 1354 1683 perfecerunt
1376 1644 1390 1672 ,
1441 1600 1515 1661 ut
1558 1596 1731 1662 filius
1771 1596 2190 1682 expelleretur
2229 1596 2356 1681 (Cf.
2384 1595 2520 1663 Liv.
2548 1596 2677 1676 ΙΙΙ,

292 1705 392 1768 12.
449 1704 554 1767 13.
608 1704 712 1768 19.
739 1688 870 1781 29,
916 1703 1112 1769 Dion.
1158 1703 1246 1782 X,
1290 1703 1350 1769 5.
1378 1705 1440 1769 8.
1474 1704 1603 1789 17).
1631 1702 1856 1788 Neque
1882 1704 2093 1767 minus
2116 1724 2378 1787 gravem
2402 1724 2678 1766 errorem

287 1810 603 1875 commisit
664 1810 1185 1889 Pseudo-Victor,
1253 1831 1397 1874 cum
1454 1808 1813 1874 Kaesonem
1874 1832 1913 1873 a
1963 1809 2331 1875 censoribus
2377 1810 2674 1874 notatum

285 1937 418 1981 esse
463 1916 684 1983 tradit.
731 1916 1038 1981 Nondum
1084 1916 1256 1981 enim
1296 1916 1418 1981 hoc
1464 1918 1749 1999 tempore
1788 1917 1871 2000 (a.
1899 1916 2056 2001 292)
2090 1937 2356 1980 censura
2378 1914 2676 1980 instituta

287 2022 416 2087 fuit
467 2023 552 2107 (a.
603 2023 780 2109 310).
829 2022 1054 2107 Neque
1097 2021 1305 2087 Kaeso
1355 2022 1437 2086 ad
1484 2021 1758 2087 Volscos
1806 2027 1871 2087 et
1916 2022 2188 2087 Sabinos
2236 2020 2563 2104 confugit3
2611 2024 2678 2085 et

290 2126 514 2193 Livius
559 2128 691 2207 III,
745 2129 861 2207 13,
915 2131 954 2194 8
1003 2132 1069 2193 et
1111 2128 1303 2194 Dion.
1349 2127 1495 2214 Hal,
1541 2128 1629 2205 X,
1679 2128 1721 2193 8
1771 2150 1913 2193 eum
1952 2128 2299 2193 in-Tuscos
2322 2129 2393 2191 in
2416 2127 2676 2192 exilium

284 2232 515 2298 abiisse
581 2239 872 2300 narrant.
945 2234 1173 2319 Neque
1219 2234 1344 2300 hoc
1389 2238 1675 2319 tempore
1724 2234 2024 2300 Volsci
2070 2238 2135 2299 et
2180 2234 2469 2299 Sabini
2516 2235 2674 2299 duce

285 2338 528 2403 Cloelio
615 2340 902 2404 Graccho
989 2341 1286 2405 adversus
1356 2340 1682 2405 Romanos
1751 2341 1989 2406 bellum
2060 2340 2405 2425 gerebant3
2475 2340 2674 2404 immo

283 2442 561 2528 Aequi
630 2444 748 2507 sub
812 2444 1053 2510 Cloelio
1125 2445 1413 2511 Graccho
1483 2446 1554 2522 Q.
1622 2446 1978 2532 Minucium
2039 2446 2110 2511 in
2173 2448 2392 2511 monte
2439 2447 2675 2531 Algido

279 2549 666 2614 obsidebant
715 2549 839 2635 (Cf.
883 2550 1023 2617 Liv.
1073 2550 1178 2616 III
1198 2598 1214 2623 ,
1243 2550 1347 2617 25.
1380 2553 1487 2627 26,
1514 2552 1703 2617 Dion.
1731 2552 1881 2616 Hal.
1908 2553 2005 2629 X,
2037 2554 2140 2635 12,
2169 2574 2322 2636 seq„
2349 2552 2472 2616 Dio
2497 2551 2673 2617 Cass.

278 2654 359 2720 fr.
410 2656 532 2733 23,
585 2656 642 2719 1.
705 2657 766 2734 2,
807 2656 984 2722 Fasti
1031 2657 1243 2741 Capit.
1293 2657 1366 2723 C.
1414 2658 1466 2725 I.
1517 2658 1592 2723 L.
1642 2658 1696 2723 I.
1737 2682 1804 2743 p.
1854 2657 2033 2743 454).
2085 2657 2308 2723 Sabini
2355 2661 2567 2723 autem
2592 2659 2675 2723 ab

277 2761 359 2825 iis
423 2761 695 2826 seiuncti
755 2784 869 2827 suo
933 2763 1150 2828 Marte
1195 2786 1328 2828 rem
1379 2766 1687 2849 gerebant
1734 2767 1799 2829 et
1844 2787 1883 2827 a
1928 2764 2189 2829 consule
2234 2764 2473 2830 Nautio
2522 2786 2673 2849 pro-

279 2867 488 2951 fligati
553 2870 707 2932 sunt
773 2869 943 2953 (Liv.
993 2869 1095 2934 ΙΙΙ
1118 2917 1134 2948 ,
1185 2871 1473 2949 26-29,
1527 2874 1613 2955 7).
1664 2872 1742 2934 In
1790 2871 1866 2935 iis
1888 2919 1903 2948 ,
1952 2894 2114 2955 quae
2158 2871 2673 2937 Pseudo-Victor

284 2973 362 3038 de
420 2973 632 3057 priore
692 2974 1062 3041 Cincinnati
1123 2977 1440 3042 dictatura
1502 2977 1697 3041 refert
1719 3025 1734 3054 ,
1798 2999 1941 3041 cum
1990 2980 2215 3043 ceteris
2258 2979 2671 3062 scriptoribus

287 3079 602 3162 congruit.
651 3078 776 3145 Sed
817 3080 940 3145 hoc
978 3102 1229 3166 quoque
1277 3083 1416 3147 loco
1462 3104 1737 3146 errorem
1786 3083 2103 3147 commisit
2122 3132 2137 3161 ,
2178 3104 2321 3147 cum
2370 3104 2669 3165 coronam

291 3204 574 3262 auream,
623 3208 785 3270 quae
831 3184 1216 3252 Cincinnato
1265 3212 1302 3252 a
1349 3189 1633 3253 Minucio
1674 3192 1863 3258 datur
1884 3238 1899 3267 ,
1939 3188 2399 3253 obsidionalem
2438 3189 2595 3253 facit
2620 3193 2669 3277 ¹)

294 3287 416 3373 (Cf.
463 3289 599 3359 Liv.
647 3291 784 3369 III,
835 3294 920 3357 29
943 3340 958 3370 ,
1007 3295 1081 3369 3,
1130 3294 1240 3378 qui
1286 3296 1365 3359 de
1411 3316 1649 3359 corona
1686 3317 1908 3373 aurea,
1948 3296 2179 3359 libram
2205 3298 2457 3379 pond0,
2482 3297 2666 3383 agit).

285 3391 557 3459 Constat
616 3398 785 3461 enim
847 3419 1113 3465 coronas
1174 3401 1598 3466 obsidionales
1660 3403 2016 3486 gramineas
2086 3402 2278 3467 fuisse
2326 3402 2451 3488 (Cf.
2501 3402 2668 3467 Gell.

279 3499 383 3579 V,
455 3504 516 3581 6,
565 3502 733 3567 Plin.
780 3503 934 3569 Nat.
983 3505 1153 3571 Hist.
1208 3506 1442 3585 XXII,
1495 3511 1554 3573 3.
1606 3509 1698 3594 4).
1769 3507 2221 3573 Cincinnatum
2270 3511 2421 3593 post
2464 3508 2670 3572 dicta-

279 3608 493 3670 turam
569 3610 650 3672 ad
732 3630 921 3693 agros
995 3611 1292 3676 colendos
1352 3613 1685 3677 revertisse
1745 3617 1996 3696 praeter
2057 3613 2668 3678 Pseudo-Victorem

277 3710 452 3778 Flor.
499 3712 568 3790 I,
615 3712 676 3790 5,
723 3715 804 3779 14
855 3719 920 3780 et
965 3716 1212 3782 Colum.
1264 3718 1341 3781 de
1387 3740 1455 3782 re
1498 3722 1659 3783 rust.
1708 3718 1907 3801 praef.
1962 3720 2039 3796 9,
2093 3720 2175 3783 13
2223 3722 2511 3785 narrant.
2586 3718 2668 3785 In

274 3816 483 3881 altera
574 3818 945 3886 Cincinnati
1023 3823 1342 3889 dictatura
1429 3824 1850 3889 describenda
1933 3825 2150 3890 Livius
2170 3873 2185 3902 ,
2275 3826 2621 3910 Dionysius
2652 3875 2669 3905 ,

276 3921 786 3990 Pseudo-Victor
817 3924 1043 3993 'fontes
1063 3976 1079 4006 ,
1126 3928 1238 4013 qui
1285 3934 1420 3994 arte
1455 3930 1624 3993 inter
1665 3950 1730 3994 se
1764 3929 2126 4015 cohaerent,
2168 3931 2531 3996 adhibuisse
2568 3932 2663 3996 vi-

273 4030 511 4093 dentur
537 4032 607 4110 ²).
701 4031 856 4100 Zon.
929 4033 1094 4112 VH,
1169 4036 1276 4102 20.
1339 4058 1402 4121 p.
1471 4037 1623 4101 351.
1679 4035 1739 4100 A
1807 4041 2119 4101 memorat
2181 4060 2314 4103 non
2377 4043 2667 4103 constare

273 4137 495 4233 utrum
540 4134 843 4227 Servilius
888 4138 1191 4205 Maelium
1232 4142 1532 4207 occiderit
1579 4144 2133 4221 αὐτογνωμονήσας
2184 4146 2217 4220 ἢ
2261 4150 2439 4209 τοῦτο
2488 4168 2665 4209 κεκε-

348 4377 407 4444 1)
442 4376 683 4432 Eundem
719 4398 946 4435 errorem
983 4382 1242 4437 commisit
1280 4381 1699 4437 Pseudo-Victor
1739 4385 1861 4453 (26,
1901 4386 1953 4453 3)
2000 4386 2097 4450 58,
2136 4386 2185 4437 4.

349 4464 406 4533 2)
443 4463 520 4535 Cf.
559 4465 800 4522 Momms.
840 4467 1024 4523 Herm.
1060 4468 1130 4523 V.
1167 4487 1218 4540 p.
1257 4470 1361 4525 262
1391 4463 1446 4525 ,--·ἷ
1472 4470 1688 4539 Quaest.
1733 4472 1887 4527 Rom.
1924 4470 2001 4526 Π.
2040 4490 2090 4541 p.
2130 4472 2251 4525 206.
