3184 5342
1455 408 1536 471 91

309 613 454 656 cum
501 590 901 675 Samnitibus
947 593 1348 677 pugnantem
1395 590 1643 669 fecerit;
1692 592 1827 676 ipse
1874 594 2089 655 tamen
2138 591 2246 669 27,
2292 591 2333 654 2
2379 593 2550 654 recte
2577 609 2693 672 po-

310 698 488 782 pulos
552 698 986 775 enumeravit,
1055 698 1166 782 qui
1229 698 1299 762 in
1361 696 1696 763 Sentinate
1761 718 1917 782 agro
1978 700 2433 782 pugnaverunt
2478 699 2543 760 et
2586 694 2693 760 hic

309 804 602 887 congruit
662 825 806 868 cum
872 803 1009 868 Liv.
1079 804 1181 880 X,
1249 805 1355 886 21,
1411 804 1515 881 12,
1563 803 1781 869 Front.
1834 803 2031 869 Strat.
2075 803 2144 881 I,
2196 805 2273 880 8,
2328 804 2388 879 3,
2436 801 2689 884 Ampel.

312 910 426 987 18,
493 910 570 987 6,
637 909 818 974 Oros.
882 893 1019 986 111,
1091 910 1194 972 21.
1267 908 1476 987 (Diod.
1552 908 1675 973 Sic.
1748 908 1950 986 XXI,
2023 911 2060 973 6
2128 909 2205 973 (16
2263 906 2693 983 Samnitibus,

301 1014 588 1081 Etruscis
663 1020 729 1079 et
793 1014 995 1079 Gallis
1070 1018 1136 1079 et
1221 1012 1363 1078 aliis
1433 1014 1619 1078 sociis
1682 1015 1863 1098 egit.)
1949 1013 2099 1079 Non
2163 1017 2693 1098 praetereundum

306 1122 553 1186 Livium
609 1122 733 1199 IX,
803 1122 911 1197 30,
961 1122 1000 1185 8
1052 1123 1118 1185 et
1161 1119 1386 1183 Fastos
1433 1118 1643 1203 Capit.
1695 1118 1765 1185 O.
1814 1124 1861 1187 Ι.
1912 1120 1981 1184 L.
2028 1120 2080 1185 Ι.
2129 1142 2191 1203 p.
2245 1119 2375 1184 456
2424 1118 2691 1183 Fabium

303 1233 455 1314 post
501 1250 788 1313 pugnam
836 1226 1232 1292 Sentinatem
1269 1228 1346 1289 de
1394 1225 1629 1309 Gallis,
1680 1225 2000 1303 EtrusciS,
2044 1225 2441 1291 Samnitibus
2463 1222 2690 1288 trium-

305 1335 538 1420 phasse
586 1334 942 1411 rettulisse,
994 1333 1069 1397 de
1115 1332 1378 1397 Umbris
1430 1332 1623 1416 plane
1670 1333 1957 1399 tacuisse.
1992 1334 2040 1416 ¹)

394 1441 631 1505 Parum
683 1444 974 1504 accurate
1020 1442 1086 1502 et
1132 1438 1411 1503 Pseudo·
1418 1437 1644 1502 Victor
1691 1442 1757 1502 et
1801 1437 2130 1522 Ampelius
2174 1438 2297 1514 18,
2339 1438 2379 1501 6
2421 1404 2692 1500 Fabium

301 1546 642 1611 libertinos
705 1544 998 1609 tribubus
1047 1545 1318 1608 movisse
1365 1545 1801 1629 tradiderunt3
1851 1546 2076 1607 contra
2124 1542 2339 1606 Livius
2384 1542 2511 1618 IX,
2568 1542 2689 1618 46,

307 1653 391 1717 14
431 1657 496 1717 et
544 1652 679 1715 Val.
731 1651 903 1715 Max.
955 1651 1058 1729 Π,
1111 1652 1174 1733 2,
1225 1653 1266 1714 9
1314 1651 1649 1715 libertinos
1695 1651 1766 1714 in
1811 1656 2117 1735 quattuor
2164 1650 2367 1714 tribus
2417 1648 2694 1712 urbanas

302 1758 628 1823 coniectos
677 1780 809 1822 esse
855 1758 1261 1823 rettulerunt.

396 1864 746 1949 Beckerus,
813 1864 974 1929 Ant.
1040 1864 1226 1929 Rom.
1290 1864 1394 1941 II,
1459 1866 1534 1940 2,
1605 1887 1664 1948 p.
1744 1865 1887 1929 194.
1940 1866 2087 1928 adn.
2140 1861 2293 1938 475,
2347 1860 2691 1925 rectissime

303 1971 587 2036 ostendit
631 1970 951 2035 Victorem
999 1992 1237 2034 errasse
1258 2017 1272 2046 ,
1321 1969 1432 2033 ubi
1469 1969 1737 2033 Fabium
1786 1970 2016 2034 iterum
2059 1990 2381 2033 censorem
2406 1967 2544 2030 fieri
2569 1987 2690 2030 no-

308 2078 498 2141 luisse
559 2063 907 2141 tradiderit.
977 2075 1148 2152 Quae
1211 2076 1364 2139 hac‘
1401 2076 1478 2140 de
1531 2097 1602 2141 re
1671 2076 2181 2140 Pseudo-Victor
2254 2072 2540 2150 rettulit,
2612 2072 2691 2135 ad

309 2183 615 2247 Marcium
663 2183 954 2247 Rutilum
1003 2184 1365 2268 pertinent,
1415 2183 1492 2246 de
1541 2203 1667 2264 quo
1716 2182 1853 2246 Liv.
1903 2181 2131 2257 XV11,
2192 2181 2296 2257 22,
2349 2179 2491 2244 Val.
2518 2178 2690 2242 Max.

305 2288 422 2366 IV,
489 2290 523 2352 1
552 2336 567 2366 ,
635 2292 674 2352 3
694 2338 712 2371 ,
777 2288 946 2352 Plut.
1009 2286 1150 2354 Cor.
1229 2291 1259 2351 1
1286 2336 1300 2364 ,
1359 2290 1663 2371 egerunt,
1715 2286 2022 2371 Equitum
2073 2285 2607 2348 transvectionem
2654 2304 2692 2345 a

305 2394 504 2458 Fabio
549 2392 919 2457 institutam
960 2414 1092 2456 esse
1135 2396 1384 2476 praeter
1431 2392 2043 2457 Pseudo-Victorem
2096 2391 2212 2456 soli
2252 2390 2389 2454 Liv.
2432 2388 2554 2464 IX,
2580 2388 2687 2465 46,

312 2500 394 2563 15
442 2503 506 2563 et
552 2498 700 2564 Val.
750 2498 916 2562 Max.
965 2499 1068 2576 II,
1120 2500 1189 2576 2,
1238 2502 1279 2563 9
1328 2501 1608 2563 tradunt.
1681 2498 1865 2564 Unus
1912 2503 2128 2562 tamen
2176 2495 2692 2562 Pseudo-Victor

304 2627 412 2670 eos
459 2606 556 2669 ab
605 2606 808 2669 aede
855 2604 1232 2669 Honoris
1271 2605 1340 2668 in
1381 2602 1767 2688 Capitolium
1806 2607 2200 2668 transvectos
2235 2624 2367 2667 6886
2390 2601 2587 2667 refert
2616 2603 2688 2689 ²).

303 2710 476 2786 Quae
539 2711 616 2774 de
678 2710 1063 2787 honoribus,
1130 2710 1329 2774 Fabio
1391 2714 1644 2774 mortuo
1704 2710 1977 2787 habitis,
2046 2714 2357 2775 memorat
2410 2710 2690 2774 Pseudo-

304 2815 559 2892 Victor,
613 2817 778 2899 apud
832 2816 1081 2881 nullum
1131 2816 1326 2880 alium
1376 2818 1747 2901 scriptorem
1796 2818 2087 2901 legimus
2137 2817 2343 2893 Quare
2382 2839 2443 2880 v.
2486 2819 2547 2880 d.
2588 2813 2693 2880 Du

303 2904 486 2999 Rieu,
536 2922 614 2985 de
661 2924 854 3005 gente
901 2920 1117 2999 Fabia,
1167 2945 1229 3006 p.
1277 2924 1406 2988 285
1456 2927 1642 3007 putat
1687 2923 2299 2987 Pseudo-Victorem
2327 2922 2509 2986 Fabii
2532 2922 2693 2986 Rul-

302 3027 462 3092 liani
510 3027 701 3094 funus
747 3048 890 3091 cum
938 3027 1120 3110 Fabii
1161 3027 1569 3093 Cunctatoris
1619 3027 1842 3092 funere
1891 3028 2269 3094 confudisse.
2320 3028 2492 3091 Plut.
2533 3027 2689 3090 Fab.

311 3133 391 3196 27
442 3134 610 3197 enim
660 3136 726 3196 et
773 3132 918 3197 Val.
970 3133 1139 3197 Max.
1192 3134 1286 3212 V,
1341 3137 1418 3213 2,
1463 3137 1502 3199 3
1543 3135 1813 3198 tradunt
1854 3133 2051 3198 Fabio
2094 3132 2479 3198 Cunctatore
2520 3154 2691 3198 mor-

310 3242 421 3302 tuo
482 3240 788 3324 populum
856 3261 1002 3304 »aes
1067 3241 1439 3319 contulisse,
1503 3261 1630 3323 quo
1696 3241 1900 3305 maior
1946 3261 2020 3303 ac
2066 3239 2405 3323 speciosior
2448 3238 2694 3305 funeris

311 3345 442 3408 eius
487 3367 722 3430 pompa
770 3346 1162 3411 duceretur’'.
1216 3348 1522 3411 Attamen
1571 3348 1651 3411 (16
1698 3347 2114 3412 visceratione
2152 3350 2217 3410 et
2258 3346 2461 3429 epulis
2482 3395 2496 3424 ,
2534 3368 2691 3430 quas

303 3449 470 3515 filius
515 3451 754 3536 populo
803 3452 1011 3529 dedit,
1061 3456 1126 3516 et
1174 3452 1344 3519 Plut.
1395 3457 1461 3517 et
1506 3451 1651 3518 Val.
1702 3453 1872 3518 Max.
1922 3456 2157 3519 tacent.

396 3662 607 3748 Caput
623 3659 1392 3729 XXXIIIDiffioillinium
1419 3668 1514 3729 est
1539 3666 1909 3742 diiudicatu,
1932 3688 2091 3749 quos
2105 3668 2393 3731 auctores
2410 3665 2690 3729 Pseudo-

304 3770 522 3836 Victor
538 3771 658 3835 hoc
676 3771 880 3854 capite
905 3775 1156 3835 secutus
1181 3770 1282 3835 sit.
1310 3768 1516 3836 Nemo
1542 3772 1713 3836 enim
1732 3771 2023 3855 scriptor,
2040 3772 2150 3855 qui
2168 3771 2495 3837 historiam
2514 3773 2690 3839 Curii

303 3879 369 3941 et
393 3876 753 3959 aequalium
779 3876 910 3941 eius
935 3877 1250 3960 copiosius
1275 3877 1629 3961 descripsit,
1656 3878 1841 3941 nobis
1868 3881 2184 3960 superstes
2210 3881 2329 3956 est3
2354 3901 2427 3943 ea
2452 3885 2687 3959 autem,

302 4004 465 4067 quae
505 3986 582 4046 de
620 3983 720 4046 his
761 3984 1152 4067 temporibus
1194 3987 1274 4047 ad
1315 3987 1603 4049 nostram
1646 3984 1943 4049 notitiam
1982 3988 2428 4068 pervenerunt,
2454 3987 2687 4069 passim

302 4091 476 4173 apud
523 4088 861 4171 scriptores
908 4088 1344 4154 inveniuntur.
1390 4089 1778 4174 Triumphus
1803 4137 1818 4168 ,
1850 4112 2038 4174 quem
2064 4090 2153 4155 Μ’
2182 4092 2234 4176 ⁸)
2260 4089 2487 4156 Curius
2514 4092 2687 4155 Den-

375 4263 432 4330 1)
469 4261 548 4315 Cf.
589 4260 747 4316 Nieb.
785 4259 929 4315 Hist.
967 4260 1127 4315 Rom.
1163 4260 1266 4315 III.
1305 4280 1356 4332 p.
1396 4263 1516 4315 453.

376 4349 432 4417 2)
469 4347 547 4402 Cf.
587 4347 749 4402 Beck.
789 4347 916 4401 Ant.
955 4347 1106 4401 Rom.
1143 4346 1220 4413 H,
1257 4349 1305 4401 1.
1344 4366 1394 4418 p.
1435 4348 1552 4402 264.

380 4434 436 4503 3)
499 4432 719 4488 Codices
777 4451 957 4487 omnes
1013 4432 1265 4488 exhibent
1312 4432 1558 4488 Marcum
1608 4432 1825 4487 Curium
1841 4477 1856 4499 ,
1895 4434 1985 4489 sed
2025 4433 2359 4489 librariorum
2397 4450 2571 4487 errore
2606 4433 2687 4488 Μ’

296 4518 457 4577 facile
490 4518 548 4575 in
587 4518 652 4573 M
677 4517 890 4574 'mutari
924 4535 1074 4592 posse
1113 4536 1266 4573 nemo
1303 4536 1409 4573 non
1447 4518 1576 4574 mihi
1612 4518 1882 4576 concedet.
