3184 5342
1724 385 1766 447 4

525 567 678 633 bata
740 570 836 633 est
854 615 870 647 ‚
933 568 991 633 ei
1037 569 1252 632 tamen
1300 566 1552 632 videtur
1597 566 1719 631 hac
1764 566 2167 651 potissimum
2207 588 2275 631 re
2313 566 2554 631 firmari
2574 614 2589 643 ‚
2636 567 2807 649 quod
2854 564 2907 628 si

528 696 632 739 eas
678 675 841 738 vitas
858 722 872 751 ‚
927 695 1089 758 quae
1129 696 1163 738 e
1200 672 1405 738 titulis
1426 719 1442 751 ‚
1493 675 1572 737 de
1611 672 1844 765 quibus
1885 675 2035 737 ante
2070 673 2314 739 dictum
2338 676 2434 737 est
2450 720 2465 751 ‚
2491 671 2747 736 fluxisse
2770 691 2903 735 non

524 782 899 863 potuerunt,
971 779 1250 864 excipias
1300 816 1382 829 —
1432 781 1687 843 constat
1746 779 1917 844 enim
1972 777 2338 864 Augustum
2386 799 2603 844 eorum
2647 782 2905 843 tantum

523 888 768 950 statuas
803 885 1207 950 collocavisse
1226 932 1242 964 ‚
1281 885 1393 969 qui
1413 885 1775 969 triumphos
1797 884 2076 969 egissent
2102 884 2154 972 1)
2182 923 2263 935 -
2288 886 2557 951 totidem
2580 885 2711 950 fere
2733 885 2903 950 vitae

522 991 843 1076 supersint
861 1038 877 1070 ‚
938 993 1099 1075 quot
1157 993 1403 1056 statuas
1445 992 1516 1055 111
1559 990 1700 1055 foro
1746 989 2029 1077 Augusti
2074 992 2395 1057 dedicatas
2443 1013 2576 1057 esse
2636 992 2903 1056 110111011-

521 1100 722 1161 011010
767 1100 1035 1162 001101110
1081 1099 1196 1162 est.
1243 1096 1366 1163 Sed
1411 1097 1466 1161 si
1513 1118 1587 1161 ea
1606 1143 1622 1175 ‚
1669 1119 1833 1181 quae
1878 1096 2216 1163 Bunsenus
2260 1098 2476 1170 affert,
2530 1096 2902 1181 diligentius

519 1203 927 1288 perpenderis
943 1250 959 1282 ‚
1019 1202 1364 1287 comperies
1423 1202 1631 1267 virum
1696 1203 1954 1269 doctum
2016 1225 2241 1287 parum
2310 1203 2675 1269 observasse
2737 1225 2900 1287 quae

521 1311 599 1373 de
668 1308 895 1373 statuis
953 1309 1024 1372 in
1080 1308 1220 1373 foro
1281 1308 1562 1393 Augusti
1621 1308 1947 1374 collocatis
2009 1309 2259 1393 antiqui
2313 1310 2650 1394 scriptores
2710 1310 2897 1375 nobis

517 1416 941 1480 tradiderunt.
1000 1412 1258 1480 Certum
1319 1418 1417 1481 est
1473 1415 1544 1479 in
1604 1415 1744 1481 foro
1800 1413 2085 1501 Augusti
2131 1416 2368 1481 multas
2414 1418 2659 1481 statuas
2705 1416 2900 1481 fuisse

513 1521 796 1587 virorum
815 1568 832 1599 ‚
898 1522 975 1586 de
1021 1542 1293 1605 quorum
1340 1522 1489 1586 vitis
1535 1505 2049 1587 Pseudo-Victor
2097 1543 2228 1587 non
2276 1523 2439 1607 egit,
2489 1528 2562 1588 ut
2609 1523 2895 1599 Aeneae,

514 1629 588 1692 ut
630 1648 856 1711 regum
901 1626 1302 1691 Albanorum
1325 1675 1341 1705 ‚
1387 1630 1460 1692 ut
1507 1628 1597 1693 M.
1648 1628 1889 1693 Valerii
1934 1627 2232 1705 Maximi,
2282 1632 2356 1693 ut
2403 1628 2473 1693 L.
2517 1627 2777 1705 Albini,
2827 1632 2901 1692 ut

512 1734 584 1801 L.
649 1734 826 1798 Furii
885 1732 1138 1799 Camilli
1200 1734 1354 1819 (cos.
1404 1755 1460 1797 a.
1511 1734 1711 1819 405.).
1766 1733 2029 1799 Ovidius
2057 1733 2107 1821 2)
2163 1734 2349 1800 nobis
2395 1734 2749 1799 luculenter
2794 1756 2897 1799 00-

510 1840 722 1903 tendit
785 1838 1040 1903 Aeneae
1103 1842 1168 1903 et
1226 1858 1452 1923 regum
1518 1838 1920 1903 Albanorum
1984 1844 2232 1905 statuas
2293 1841 2363 1904 in
2423 1840 2563 1904 foro
2617 1839 2899 1925 Augusti

515 1944 855 2009 collocatas
899 1944 1110 2009 fuisse.
1159 1943 1409 2008 Titulos
1455 1944 1682 2023 statuis
1730 1944 1819 2009 Μ.
1869 1945 2110 2011 Valerii
2156 1946 2456 2032 Maximi,
2520 1946 2587 2011 L.
2636 1946 2895 2023 Albini,

512 2050 583 2115 L.
634 2050 811 2114 Furii
858 2048 1112 2114 Camilli
1157 2050 1548 2134 subscriptos
1569 2097 1586 2128 ‚
1634 2071 1907 2133 quorum
1953 2052 2195 2135 primus
2236 2051 2510 2130 Arretii,
2552 2052 2744 2117 ceteri
2765 2051 2898 2116 Ro-

513 2178 653 2220 11100
698 2156 948 2219 inventi
993 2158 1145 2220 sunt
1164 2203 1180 2233 ,
1231 2177 1265 2218 e
1309 2156 1448 2220 foro
1492 2156 1776 2240 Augusti
1814 2156 2127 2241 originem
2176 2158 2426 2222 trahere
2464 2158 2898 2223 Mommsenus

511 2262 611 2347 (C.
661 2262 712 2327 Ι.
762 2261 836 2326 L.
884 2262 933 2326 Ι.
983 2285 1044 2346 p.
1091 2262 1271 2346 282.)
1306 2262 1637 2346 probabile
1674 2262 1853 2329 fecit.
1916 2262 2207 2347 Denique
2255 2264 2459 2328 multa
2504 2266 2689 2341 sunt,
2738 2285 2899 2347 quae

446 2408 452 2414 ·
512 2367 698 2432 nobis
762 2369 1112 2432 ostendunt
1168 2368 1237 2431 in
1299 2368 1436 2432 foro
1486 2366 1767 2453 Augusti
1814 2390 1948 2432 11011
1993 2371 2250 2433 1011111111
2299 2371 2611 2435 maiorum
2656 2372 2899 2435 statuas

511 2474 851 2539 collocatas
888 2474 1080 2539 fuisse
1121 2474 1228 2538 sed
1272 2475 1463 2538 etiam
1489 2495 1709 2540 eorum
1730 2522 1745 2552 ‚
1771 2475 2003 2559 quibus
2028 2497 2066 2539 a
2092 2480 2315 2540 senatu
2338 2476 2746 2561 triumphalis
2771 2480 2899 2540 sta-

509 2583 621 2644 tua
660 2562 918 2645 ⁴decreta.
971 2583 1150 2644 esset.
1215 2577 1337 2653 Qui
1383 2600 1557 2663 mos,
1608 2580 1690 2644 ab
1735 2578 2031 2663 Augusto
2079 2580 2415 2644 institutus
2436 2582 2488 2663 ³)
2509 2627 2525 2656 ‚
2574 2602 2771 2662 usque
2818 2582 2899 2645 ad

505 2684 852 2749 Traianum
893 2683 1244 2768 permansit
1268 2683 1336 2762 ⁴).
1385 2684 1615 2770 Itaque
1661 2684 1911 2749 etiamsi
1955 2678 2257 2750 numerus
2284 2687 2639 2749 statuarum
2662 2684 2734 2747 in
2756 2683 2900 2748 foro

505 2787 787 2874 Augusti
861 2790 1211 2874 positarum
1293 2790 1632 2854 conveniat
1718 2812 1862 2854 cum
1935 2812 2200 2855 numero
2272 2790 2551 2855 vitarum
2613 2790 2894 2854 virorum

577 3042 638 3111 1)
678 3040 757 3095 Cf.
809 3040 956 3095 Suet.
1005 3038 1146 3112 Aug.
1205 3041 1291 3094 31.
1339 3039 1637 3111 proximum
1686 3059 1720 3095 a
1767 3040 1849 3095 dis
1895 3040 2277 3097 immortalibus
2326 3040 2579 3097 honorem
2617 3042 2901 3097 memoriae

505 3126 699 3183 ducum
745 3126 1012 3197 praestitit
1061 3128 1417 3198 (Augustus),
1468 3126 1559 3197 qui
1593 3127 1869 3199 imperium
1908 3127 2088 3199 populi
2121 3128 2353 3182 Romani
2386 3146 2454 3183 ex
2488 3128 2703 3183 minimo
2739 3128 2903 3183 maxi·

510 3232 652 3269 mum
704 3212 1079 3270 reddidissent.
1133 3213 1327 3284 Itaque
1373 3218 1429 3269 et
1477 3232 1639 3285 opera
1686 3214 1938 3285 cuiusque
1988 3215 2323 3270 manentibus
2372 3215 2542 3270 titulis
2577 3215 2811 3270 restituit
2846 3220 2901 3270 et

504 3303 708 3355 statuas
747 3300 978 3354 omnium
1017 3298 1323 3370 triumphali
1359 3299 1531 3371 effigie
1567 3299 1624 3355 in
1660 3304 1884 3371 utraque
1919 3300 2021 3356 fori
2060 3300 2143 3356 0111
2180 3301 2390 3373 porticu
2426 3299 2707 3357 dedicavit.

579 3377 714 3441 Hor.
755 3384 854 3440 Od.
891 3384 1000 3452 IV,
1047 3386 1110 3452 8,
1148 3386 1238 3439 13.

1144 3472 1272 3526 Non
1308 3470 1470 3525 incisa
1505 3471 1647 3527 notis
1682 3490 1941 3527 marmora
1976 3472 2200 3544 publicis

1143 3558 1248 3612 Per
1283 3576 1420 3629 quae
1455 3556 1673 3628 spiritus
1710 3560 1765 3612 et
1801 3558 1910 3613 vita
1948 3558 2089 3614 redit
2125 3558 2277 3614 bonis

1144 3643 1273 3698 Post
1308 3646 1531 3698 mortem
1574 3641 1815 3699 ducibus.

586 3731 644 3801 2)
689 3728 846 3785 ovid.
885 3727 1030 3784 Fast.
1069 3728 1153 3796 V,
1191 3732 1314 3786 563.

902 3856 917 3871 .
940 3856 986 3870 ..
1025 3814 1173 3871 videt
1207 3818 1403 3887 (Mars)
1441 3818 1659 3871 Aenean
1694 3821 1969 3872 oneratum
2006 3817 2240 3889 pondere
2278 3835 2401 3873 caro

949 3902 1022 3957 Et
1056 3905 1141 3956 tot
1169 3902 1347 3957 Iuleae
1384 3902 1676 3958 nobilitatis
1712 3920 1851 3957 avos.

582 3992 640 4061 3)
680 3989 758 4045 Ci.
808 3989 912 4043 Dio
969 3988 1114 4043 Cass.
1165 3988 1294 4054 LV,
1349 3989 1448 4053 10,
1501 3988 1593 4058 qui
1639 3987 1779 4043 inter
1813 3988 2085 4061 privilegia
2118 3989 2261 4045 aedis
2289 3990 2485 4045 Martis
2520 3989 2725 4045 Ultoris
2763 3988 2894 4045 haec

501 4079 787 4133 memorat:
835 4082 917 4130 xa>
971 4078 1183 4139 ἐκείνους
1232 4075 1345 4146 (qui
1392 4074 1685 4147 triumphos
1734 4078 1924 4147 agunt)
1964 4100 2024 4131 τε
2074 4082 2160 4131 καῖ
2213 4084 2333 4141 τοὺς
2384 4082 2574 4141 ἄλλους
2623 4084 2743 4141 τοὺς
2795 4086 2893 4142 τὰς

503 4162 767 4221 ἐπινικίους
804 4164 960 4225 τιμὰς
997 4162 1360 4225 λαμβάνοντας
1397 4159 1446 4210 ἐν
1480 4166 1544 4225 τῇ
1580 4162 1742 4227 ἀγορᾷ
1775 4166 2006 4225 χαλκοῦς
2041 4164 2295 4213 ἵστασθαι.

575 4248 632 4315 4)
670 4244 746 4299 Cf.
779 4242 1026 4314 Inscript.
1061 4242 1227 4315 (apud
1257 4242 1414 4298 Orell.
1438 4244 1623 4312 3187.)
1646 4243 1870 4297 Senatus
1888 4244 2292 4315 supplicationes
2312 4244 2393 4299 dis
2411 4245 2790 4301 immortalibus
2812 4247 2891 4315 [et

502 4332 742 4401 auctore]
774 4329 897 4402 imp.
931 4329 1078 4385 Caes.
1099 4330 1281 4384 Nerva
1299 4328 1527 4383 Traiano
1546 4329 1687 4400 Aug.
1710 4330 1887 4386 Germ.
1907 4330 2088 4387 Dacic.
2107 4334 2320 4387 senatus
2338 4335 2693 4403 ornament(a)
2710 4330 2889 4385 trium-

502 4415 731 4488 phalsta)
781 4415 1065 4487 decr(evit)
1115 4418 1474 4486 statuamq.
1515 4414 1582 4470 in
1620 4415 1774 4470 foro
1812 4415 2147 4489 Aug(usti)
2184 4418 2563 4488 ponendam
2599 4415 2888 4472 censuit.

572 4502 696 4557 Tac.
734 4502 876 4557 Anu.
913 4501 1028 4568 IV,
1066 4502 1151 4556 15.
1193 4501 1332 4567 XV,
1371 4503 1454 4557 72.
1527 4534 1533 4541 ·
2531 4510 2535 4515 '
