3184 5342
1690 364 1779 428 74

530 547 858 625 λευσμένος
922 550 1064 626 πρὸς
1130 552 1236 612 τοῦ
1297 547 1667 627 δικτάτορος.
1734 545 1867 613 Cic.
1914 545 2069 643 Cat.
2133 546 2224 613 M.
2288 548 2408 625 16,
2461 547 2577 621 56,
2633 547 2917 613 Pseudo-

529 654 794 734 Victor‚
847 653 1016 719 Flor.
1067 653 1129 732 Ι,
1190 655 1306 732 17,
1359 655 1432 732 7,
1483 652 1675 738 Amp.
1729 655 1852 732 27,
1902 654 1941 716 2
1988 652 2097 738 Sp.
2148 653 2451 719 Maelium
2497 654 2672 719 iussu
2719 654 2920 719 dicta-
3022 683 3027 687 ·

528 761 686 826 toris
744 760 1150 825 interfectum
1211 781 1347 825 esse
1413 759 1700 825 tradunt.
1779 757 2021 825 Contra
2079 760 2250 844 apud
2310 760 2449 826 Liv.
2511 758 2602 825 IV
2622 808 2639 839 ‚
2708 758 2790 824 15
2852 762 2922 823 et

527 866 722 932 Dion.
794 864 941 931 Hal.
1012 866 1170 933 Exc.
1231 865 1449 931 Escor.
1513 888 1576 950 p.
1627 864 1903 931 XXXV.
1951 865 2108 930 Exc.
2156 866 2378 931 Ambr.
2428 865 2593 944 XII,
2649 867 2682 931 1
2735 865 2917 932 Mae-

527 973 652 1039 lius
697 994 736 1037 a
781 971 1047 1038 Servilio
1097 972 1337 1037 occisus
1384 975 1480 1037 est
1497 1018 1514 1049 ‚
1559 971 1729 1056 quod
1782 993 1820 1035 a
1857 972 2165 1055 magistro
2206 972 2489 1057 equitum
2532 975 2794 1037 vocatus
2834 972 2920 1035 ad

530 1079 902 1144 dictatorem
944 1098 1078 1144 non
1116 1078 1394 1143 venisset
1434 1081 1500 1143 et
1536 1077 1663 1143 vim
1707 1080 1991 1161 parasset
2016 1099 2098 1143 ne
2121 1077 2354 1143 iudicio
2380 1100 2447 1142 se
2470 1078 2923 1143 committeret.

624 1291 836 1378 Caput
894 1291 1143 1358 XVIII.
1209 1291 1470 1357 Praeter
1530 1290 2139 1357 Pseudo-Victorem
2172 1292 2321 1358 -soli
2383 1290 2573 1357 Dion.
2620 1289 2771 1356 Hal.
2822 1290 2881 1352 V
2901 1337 2920 1367 ,

533 1400 621 1465 44
691 1400 757 1463 et
825 1397 998 1462 Fasti
1045 1395 1251 1481 Capit.
1301 1396 1374 1463 C.
1425 1387 1477 1463 I.
1524 1397 1597 1462 L.
1648 1398 1699 1463 I.
1749 1420 1813 1482 p.
1864 1396 1997 1462 454
2044 1396 2375 1483 Agrippae
2420 1416 2743 1482 agnomen
2793 1397 2924 1462 La·

531 1508 760 1569 natum
783 1503 1020 1568 indunt
1045 1507 1110 1568 et
1130 1524 1270 1567 eum
1297 1503 1375 1567 de
1399 1502 1654 1569 Sabinis
1676 1502 2103 1588 triumphasse
2126 1504 2396 1569 tradunt
2410 1503 2539 1587 (Cf.
2561 1502 2746 1568 Dion.
2765 1501 2923 1570 Hal.

534 1610 630 1695 V,
685 1610 791 1677 47.
842 1609 976 1686 VI,
1027 1609 1160 1693 96).
1211 1608 1366 1674 Zon.
1417 1608 1586 1686 VII,
1645 1612 1745 1674 13.
1787 1632 1850 1693 p.
1880 1610 2033 1676 337.
2083 1610 2143 1674 D
2192 1610 2462 1675 debello
2494 1631 2636 1675 cum
2661 1608 2923 1674 Sabinis

534 1738 575 1781 a
632 1715 932 1780 Menenio
995 1719 1176 1800 gesto
1231 1715 1368 1798 agit
1389 1763 1404 1793 ‚
1450 1720 1676 1781 contra
1721 1715 1860 1780 Liv.
1908 1716 2011 1794 ΙΙ,
2066 1718 2148 1781 16
2195 1716 2392 1782 refert
2438 1716 2732 1801 Agrippa
2778 1715 2923 1780 Me-

534 1821 727 1886 nenio
789 1822 863 1885 P.
912 1821 1242 1886 Postumio
1291 1822 1658 1888 consulibus
1705 1844 1849 1887 cum
1898 1822 2221 1889 Auruncis
2269 1823 2507 1888 bellum
2554 1826 2807 1906 gestum
2840 1826 2925 1887 'et

533 1929 612 1991 de
670 1927 749 1991 iis
794 1926 1259 2010 triumphatum
1308 1948 1461 1991 esse.
1512 1928 1593 1992 In
1640 1929 1988 1993 secessione
2034 1929 2237 2012 plebis
2284 1928 2596 1994 tradenda
2641 1928 2921 1994 Pseudo·

533 2032 762 2098 Victor
810 2053 956 2096 cum
1003 2030 1270 2116 vulgata
1312 2033 1681 2097 narratione
1719 2035 2038 2118 congruit.
2088 2034 2283 2118 Apud
2319 2056 2541 2099 omnes
2578 2034 2918 2119 scriptores

533 2137 827 2222 Agrippa
895 2141 1157 2222 propter
1221 2141 1659 2223 paupertatem
1720 2162 1759 2203 a
1819 2140 2005 2224 plebe
2068 2138 2317 2204 collatis
2386 2141 2917 2206 sextantibus

534 2244 831 2328 effertur3
903 2247 1127 2309 contra
1192 2244 1707 2311 Pseudo-Victor
1776 2250 1999 2309 narrat
2068 2246 2319 2329 plebem
2390 2269 2495 2330 qu
2513 2270 2552 2311 a
2570 2250 2660 2311 dr
2678 2270 2773 2311 an
2791 2249 2911 2310 tes

536 2350 901 2416 contulisse.
966 2348 1056 2415 At
1119 2350 1196 2414 de
1259 2352 1456 2435 stipe,
1509 2374 1699 2435 quam
1750 2351 2025 2435 populus
2070 2352 2141 2415 in
2188 2350 2413 2417 funere
2458 2354 2735 2438 publico·
2762 2372 2913 2416 con-

535 2456 698 2520 ferre
743 2456 989 2520 solebat
1009 2504 1025 2534 ,
1088 2456 1338 2540 saepius
1401 2458 1569 2522 inter
1630 2479 1696 2521 se
1753 2457 2118 2540 discrepant
2177 2458 2550 2542 scriptores;
2613 2458 2789 2522 velut
2847 2457 2921 2520 in

537 2560 906 2626 Publicolae
965 2560 1189 2627 funere
1235 2565 1405 2647 apud
1449 2544 1620 2627 Plut.
1663 2563 1850 2629 Publ.
1902 2564 1989 2629 23
2036 2564 2449 2648 quadrantes,
2503 2563 2672 2646 apud
2718 2562 2916 2647 Apul.

542 2665 650 2733 Or.
699 2668 776 2732 de
822 2667 996 2752 Mag.
1047 2691 1110 2752 p.
1162 2671 1266 2735 23.
1317 2669 1414 2733 ed.
1461 2669 1607 2753 Bip.
1656 2672 1973 2735 sextantes
2020 2674 2355 2754 coguntur.
2403 2668 2482 2731 In
2524 2668 2594 2733 P.
2637 2666 2914 2744 Valerii,

541 2772 655 2855 qui
699 2772 770 2835 in
818 2793 1040 2856 pugna
1088 2795 1232 2837 cum
1282 2773 1612 2837 Herdonio
1637 2774 2009 2839 interfectus
2031 2779 2129 2839 est
2149 2823 2164 2853 ‚
2191 2775 2493 2838 >domum
2515 2772 2732 2857 plebes
2756 2793 2920 2855 qua-

541 2880 801 2942 drantes
820 2924 836 2955 ‚
886 2882 960 2942 ut
1002 2878 1224 2943 funere
1261 2879 1566 2963 ampliore
1607 2880 1935 2945 efferretur
1953 2929 1969 2959 ‚
2007 2881 2273 2945 iactasse
2304 2879 2549 2944 fertur”
2600 2877 2769 2960 (Liv.
2796 2876 2923 2954 ΠΙ,

543 2984 662 3066 18,
708 2984 837 3070 11).
888 2982 947 3047 Α
989 2988 1214 3048 senatu
1251 2986 1458 3049 locum
1485 2986 1774 3069 sepulcro
1798 2987 2051 3069 publice
2075 2988 2293 3050 datum
2333 3006 2467 3049 esse
2503 3004 2694 3048 nemo
2720 2983 2923 3066 scrip-

540 3095 643 3155 tor
701 3090 827 3153 nisi
887 3090 1395 3156 Pseudo-Victor
1454 3092 1671 3156 refert.
1734 3090 1827 3156 At
1887 3092 2076 3158 Dion.
2149 3091 2295 3157 Hal.
2367 3089 2463 3155 Vl
2488 3138 2503 3166 ‚
2570 3091 2656 3154 96
2704 3092 2926 3152 narrat

541 3200 864 3273 senatum,
930 3218 1073 3261 cum
1139 3197 1483 3261 audivisset
1544 3198 1794 3281 plebem
1858 3198 2086 3283 stipem
2134 3197 2423 3263 conferre
2470 3198 2552 3260 ad
2596 3195 2928 3280 Agrippae

540 3301 756 3378 funus,
780 3306 1143 3385 quaestores
1164 3302 1437 3380 iussisse,
1457 3306 1529 3367 ut
1544 3325 1736 3388 quam
1758 3304 2383 3388 magnificentissime
2409 3304 2477 3367 ἐκ
2496 3310 2609 3367 τῶν
2627 3300 2926 3379 δημοσίων

541 3429 687 3472 eum
732 3407 1048 3472 efferrent.

634 3618 849 3704 Caput
871 3620 1056 3686 XIX.
1081 3618 1178 3684 De
1203 3618 1525 3685 Coriolani
1548 3621 1961 3705 praenomine
1987 3621 2355 3706 discrepant
2375 3623 2547 3687 inter
2570 3644 2636 3687 se
2660 3621 2924 3698 codices,

547 3726 657 3791 alii
717 3726 1028 3809 Caium,
1089 3727 1197 3791 alii
1256 3725 1603 3792 Cneium
1666 3728 1988 3794 exhibent.
2069 3728 2360 3793 Eandem
2433 3728 2927 3812 discrepantiam

543 3833 715 3917 apud
786 3834 1156 3917 scriptoreS,
1221 3836 1340 3919 qui
1388 3836 1464 3899 de
1511 3834 1850 3900 Coriolano
1898 3839 2198 3921 egerunt,
2249 3836 2609 3899 invenimus
2638 3833 2708 3919 1).
2773 3833 2930 3898 Post

544 3936 834 4004 Coriolos
903 3942 1124 4022 captos
1194 3938 1604 4005 Coriolanum
1671 3941 2047 4024 >optionem
2114 3963 2449 4006 munerum
2513 3940 2929 4024 accipientem

543 4066 774 4129 equum
821 4045 1077 4108 tantum
1124 4047 1189 4108 et
1233 4044 1547 4129 hospitem
1597 4046 1979 4130 sumpsisse”
2025 4047 2226 4111 tradit
2264 4045 2789 4111 Pseudo-Victor.
2832 4043 2931 4109 De

542 4149 644 4214 his
689 4149 1059 4214 muneribus
1105 4150 1298 4234 plane
1345 4154 1514 4215 tacet
1537 4150 2002 4227 Livius30eteri
2024 4152 2394 4237 scriptores,
2420 4150 2610 4215 Dion.
2640 4148 2789 4214 Hal.
2823 4148 2931 4233 VI,

545 4257 650 4321 94.
710 4254 918 4335 VIII,
972 4258 1092 4335 30,
1143 4256 1316 4321 Plut.
1368 4255 1511 4321 Cor.
1567 4259 1687 4336 30,
1738 4255 1861 4322 Dio
1910 4256 2083 4322 Casa
2124 4258 2202 4322 fr.
2260 4260 2378 4337 18,
2433 4258 2507 4335 1,
2555 4256 2703 4322 Val.
2752 4256 2931 4321 Max.

613 4490 670 4557 1)
705 4487 787 4543 Cf.
827 4486 1085 4559 Schwogl.
1123 4487 1265 4545 Hist.
1301 4487 1458 4544 Rom.
1497 4487 1574 4542 H.
1614 4506 1667 4558 p.
1707 4484 1829 4542 349.
1866 4487 1989 4543 adn.
2028 4489 2079 4543 3.

3146 228 3151 559 f
