3184 5342
1396 390 1479 454 13

239 577 335 642 vit
353 625 369 654 ‚
404 576 467 641 V
490 597 615 643 coe.
642 572 933 640 Gimbros
951 573 1138 648 fudit,
1158 596 1236 638 ex
1249 572 1378 637 illis
1492 590 1718 655 campo
1763 569 2013 634 Raudio
2080 569 2232 635 vicit
2276 571 2476 656 deque
2519 569 2624 635 his

237 688 303 748 ela
340 682 647 747 Teutonis
676 682 909 746 iterum
933 679 1373 764 lariumphavit.
1492 675 1937 761 triumphavit.
1990 683 2000 693 ’

331 788 482 854 Non
520 810 680 873 opus
720 790 815 852 esl‘,
855 787 1074 852 multis
1121 785 1330 851 verbis
1376 784 1710 850 ostendere
1756 803 1892 847 non
1942 803 2194 847 necesse
2217 804 2386 868 esse,
2411 787 2486 848 ut
2508 805 2618 863 ea,

237 916 401 978 quae
465 893 974 958 Pseudo-Victor
1033 892 1230 956 tradit
1292 894 1369 955 de
1416 890 1622 954 Mario
1669 889 1992 973 septies
2039 889 2384 955 consule
2431 892 2498 954 ei.
2543 890 2620 954 de

233 999 551 1083 Iugurtha
597 1004 785 1083 capto
830 1002 897 1064 ef,
942 1001 1138 1062 ante
1184 996 1372 1062 Marii
1420 1018 1754 1061 currum
1802 995 1874 1058 in
1923 994 2252 1080 triumpho
2300 998 2493 1060 acto
2539 1015 2619 1060 ex

233 1105 440 1190 elogio
502 1105 603 1170 vel
666 1128 744 1171 ex
805 1107 1024 1169 eodem
1085 1103 1265 1167 fonte
1324 1124 1451 1186 quo
1514 1101 1792 1186 elogium
1857 1101 2281 1167 manaverinss.
2367 1100 2455 1166 Et
2517 1123 2619 1166 res

232 1212 408 1296 ipsae
448 1213 617 1296 apud
657 1233 1172 1296 unumquemque
1208 1210 1579 1294 scriptorem
1600 1255 1617 1286 ‚
1659 1209 1772 1293 qui
1810 1211 1888 1272 de
1925 1207 2130 1280 Mario
2177 1208 2347 1293 agit,
2375 1228 2619 1272 memo-

232 1321 463 1381 rantur
523 1321 590 1382 ef.
648 1318 843 1382 verba
860 1363 877 1394 ‚
948 1317 1183 1401 quibus
1247 1316 1317 1379 in
1381 1314 1587 1398 elogio
1652 1319 1717 1378 et
1777 1315 1947 1399 apud
2011 1311 2622 1379 Pseudo-Victorem

235 1426 616 1500 narrantur,
682 1444 901 1506 saepe,
964 1421 1077 1486 ubi
1122 1424 1201 1485 de
1243 1420 1322 1484 iis
1366 1420 1554 1484 rebus
1601 1420 1839 1484 mentio
1885 1419 1997 1496 fit,
2044 1419 2351 1503 leguntur
2376 1417 2452 1503 1).
2520 1417 2620 1482 Ea

233 1527 403 1612 ipsa,
468 1551 628 1612 quae
674 1527 1213 1593 Hildesheimerus
1274 1526 1497 1589 attulit
1554 1528 1636 1590 ad
1699 1546 2075 1590 consensum
2122 1525 2289 1589 inter
2336 1524 2620 1590 Pseudo-

235 1633 559 1698 Vicizorem
621 1637 687 1698 elz
748 1632 1023 1716 elogium
1084 1633 1156 1697 in
1217 1632 1295 1696 iis
1314 1680 1333 1716 ,
1400 1653 1564 1715 quae
1612 1632 1690 1695 de
1735 1629 1925 1695 Marii
1969 1634 2312 1715 quaesbura
2355 1632 2621 1694 bradunt

226 1739 550 1823 [quaestor
610 1739 829 1824 (elog.)
884 1775 965 1786 —
1016 1738 1239 1822 primis
1287 1737 1640 1802 honoribus
1685 1759 1798 1821 per
1845 1737 2132 1800 ordinem
2181 1736 2443 1801 functus
2514 1737 2620 1821 (de

218 1845 337 1908 vir.
406 1845 554 1930 ill.)]
580 1893 594 1921 ‚
668 1846 1235 1909 demonslzrandum
1268 1867 1275 1870 ·
1306 1844 1582 1907 maxime
1651 1846 2047 1926 redarguunb
2113 1844 2284 1927 quod
2349 1842 2621 1927 probare

221 1953 455 2015 studet.
529 1950 765 2016 Scribit
832 1951 967 2015 »De
1028 1949 1218 2014 Marii
1280 1953 1620 2034 quaestura
1679 1953 1928 2033 praeter
1989 1948 2298 2014 Nostrum
2348 1953 2414 2013 ela
2484 1949 2617 2013 elo-

222 2058 402 2140 gium
465 2056 639 2121 solus
701 2057 995 2123 Valerius
1059 2055 1379 2120 Maximus
1444 2054 1568 2133 Vl,
1620 2058 1692 2140 9,
1750 2057 1832 2119 14
1860 2055 1908 2135 2)
1955 2056 2345 2120 mentionem
2392 2055 2616 2120 facit.'’

223 2161 348 2226 Sed
409 2184 624 2226 nonne
686 2185 721 2226 e
783 2163 991 2227 verbis
1060 2161 1321 2246 »primis
1380 2161 1734 2225 honoribus
1797 2183 1910 2246 per
1971 2162 2262 2225 ordinem
2311 2161 2615 2227 functus'’

228 2266 658 2351 colligendum
734 2271 831 2332 esf,
904 2268 1179 2332 Marium
1256 2267 1523 2331 aedilem
1587 2288 1840 2352 quoque
1905 2267 2184 2332 curulem
2248 2266 2440 2331 fuisse
2463 2314 2478 2345 ,
2541 2269 2619 2332 de

227 2393 357 2455 quo
420 2374 800 2457 magislzrabu
863 2374 1137 2458 elogium
1194 2375 1386 2459 plane
1450 2377 1639 2437 iacet.
1713 2372 1855 2437 Hoc
1899 2373 2041 2438 loco
2087 2373 2287 2457 igitur
2334 2373 2618 2438 Pseudo-

230 2477 460 2541 Victor
524 2499 667 2542 cum
722 2477 928 2562 elogio
977 2499 1108 2542 non
1153 2479 1469 2562 congruit.
1544 2477 1907 2563 Magnaque
1956 2482 2053 2543 esi:
2092 2479 2263 2543 inter
2309 2499 2414 2543 eos
2461 2501 2618 2544 con-

229 2583 539 2646 troversia
598 2586 677 2646 de
726 2588 1011 2668 tempore
1031 2631 1047 2663 ‚
1098 2605 1223 2668 quo
1272 2583 1510 2648 Marius
1560 2605 1704 2648 cum
1749 2583 2148 2648 Teutonibus
2193 2589 2258 2648 elz
2297 2606 2424 2669 quo
2471 2605 2615 2649 cum

227 2685 503 2752 Cimbris
561 2687 897 2772 pugnavit.
960 2689 1491 2754 Pseudo-Victor·
1528 2690 1807 2755 Marium
1869 2688 1972 2753 III
2032 2689 2358 2754 consulem
2421 2690 2616 2775 (anno

226 2795 564 2876 postquam
627 2795 706 2857 de
769 2793 1086 2878 Iugurtha
1154 2794 1683 2880 firiumphaverat)
1759 2799 1985 2860 conbra
2053 2817 2160 2860 eos
2221 2798 2619 2880 pugnanbem

226 2896 429 2980 deque
470 2897 548 2962 iis
594 2897 1098 2982 firiumphanfiem
1139 2900 1295 2964 facit
1342 2901 1737 2985 populosque
1778 2901 1945 2966 inter
1992 2922 2058 2965 se
2105 2901 2396 2967 confudit
2435 2924 2579 2967 cum
2599 2950 2616 2981 ‚

228 3003 303 3065 uia
338 3006 508 3067 recte
541 3005 591 3089 ³)
637 3003 919 3088 elogium
946 3005 1145 3070 tradit
1164 3053 1180 3083 ‚
1230 3006 1473 3070 Marius
1501 3004 1561 3070 V
1585 3007 1807 3072 consul
1833 3006 2152 3071 Teutones
2178 3007 2368 3090 (apud
2391 3007 2615 3091 Aquas

223 3105 501 3192 Sextias)
520 3154 537 3184 ‚
585 3108 676 3172 VI
724 3109 948 3174 consul
996 3109 1290 3176 Cimbros
1343 3111 1439 3196 (in
1488 3131 1715 3196 campo
1759 3111 2037 3198 Raudio)
2086 3111 2542 3196 profligaveriss.

412 3211 714 3297 Elogium
779 3214 850 3279 L.
911 3214 1183 3281 Luculli.
1394 3269 1415 3288 .
1707 3218 1784 3281 de
1838 3218 1954 3282 vir.
2003 3217 2097 3282 ill.
2151 3218 2274 3295 74,
2322 3219 2386 3281 4.

436 3317 508 3384 O.
555 3319 611 3384 Ι.
659 3320 735 3384 L.
786 3321 839 3387 I.
887 3344 951 3405 p.
1002 3324 1155 3387 292.

322 3421 731 3510 Collegam
773 3449 993 3492 suum
1026 3426 1372 3511 pulsum—
1580 3428 2016 3514 Collegam
2078 3453 2305 3495 suum
2353 3430 2613 3497 Cottam

226 3551 368 3594 cum
408 3552 475 3596 se
513 3530 569 3595 is
606 3529 1013 3598 Chalcedona
1050 3534 1361 3599 eontulis-
1477 3534 1878 3601 Chalcedone
1934 3537 2362 3602 obsessum
2406 3537 2610 3602 libe-

227 3640 359 3715 set,
402 3637 847 3704 obsidione
892 3640 1323 3707 liberavit.
1482 3643 1734 3708 ravit.

298 3812 355 3881 1)
391 3809 469 3866 Of.
513 3810 663 3866 Eutr.
701 3810 816 3877 IV,
850 3812 947 3866 27:
985 3811 1128 3867 Ante
1164 3829 1377 3868 currum
1413 3811 1571 3867 Marii
1607 3812 1868 3886 Iugurtha
1899 3831 2016 3869 cum
2053 3813 2260 3870 duobus
2275 3814 2391 3870 filiis
2416 3815 2608 3872 ductus

224 3899 321 3952 est.
358 3895 476 3952 Liv.
512 3897 611 3968 Ep.
651 3899 749 3953 67:
814 3897 880 3953 In
927 3897 1198 3969 triumpho
1246 3899 1308 3955 C.
1357 3898 1517 3955 Marii
1554 3898 1746 3955 ductus
1783 3904 1906 3956 ante
1943 3919 2156 3957 currum
2196 3901 2307 3957 eius
2343 3901 2608 3975 Iugurtha

225 4000 343 4038 cum
382 3982 589 4039 duobus
622 3983 756 4039 filiis.

296 4069 357 4139 2)
394 4069 591 4135 Quibus
627 4069 871 4126 addenda
904 4073 986 4126 est
1021 4069 1304 4144 Inscriptio
1340 4071 1425 4144 (G.
1468 4073 1513 4128 I.
1550 4073 1618 4128 L.
1655 4073 1699 4130 1.
1738 4093 1790 4146 p.
1829 4075 1990 4145 277):

1004 4158 1063 4213 C.
1102 4159 1327 4214 Marius.
1366 4159 1428 4216 C.
1466 4159 1529 4214 F.

1002 4242 1120 4301 Cos.
1158 4243 1284 4301 VII.
1322 4264 1402 4317 pr.
1440 4245 1565 4301 trib.
1606 4245 1745 4318 pleb.

1006 4341 1090 4398 Q.
1132 4343 1255 4403 aug.
1292 4335 1361 4387 tr.
1398 4331 1504 4386 mil.
2610 4359 2616 4364 ·

296 4419 353 4487 3)
393 4415 471 4471 Cf.
523 4414 636 4470 Liv.
686 4414 784 4486 Ep.
822 4416 907 4472 68.
956 4415 1100 4472 Plut.
1137 4416 1275 4473 Mar.
1314 4419 1543 4474 15-21.
1582 4419 1808 4474 24—27.
1851 4419 1988 4475 Vell.
2029 4420 2100 4475 H.
2140 4422 2239 4488 12,
2278 4423 2328 4475 4.
2378 4423 2430 4475 5.
2467 4420 2611 4478 Flor-
