3184 5342
1648 373 1735 440 44

493 559 740 625 duobus
800 560 954 625 locis
1015 564 1186 645 apud
1246 559 1615 645 Ampelium
1687 559 1817 625 fere
1881 562 2101 625 eodem
2156 564 2343 625 modo
2388 562 2721 646 depravari
2768 584 2884 647 po-

495 667 640 732 tuit.
706 664 813 752 (In
869 670 1006 733 cod.
1056 667 1230 734 Mon.
1282 689 1334 733 0.
1380 668 1462 732 28
1514 666 1900 749 Liternium,
1951 689 2001 732 c.
2054 668 2141 732 46
2184 666 2543 732 Listernum
2592 666 2880 755 legitur.)

498 771 745 838 Literni
783 772 1143 857 Scipionem
1182 773 1386 837 filium
1423 772 1643 838 villam
1680 772 1975 837 habuisse
2030 774 2247 857 ibique
2302 777 2625 838 mortuum
2674 796 2807 839 esse
2836 773 2888 852 1)

500 877 830 962 Ampelius
867 880 1045 962 legit.
1101 879 1335 944 Vocem
1373 880 1575 963 igitur
1614 879 1860 944 Literni
1898 901 2042 943 cum
2084 878 2399 964 Scipionis
2438 881 2699 946 nomine
2722 883 2890 966 apud

499 986 819 1049 auctorem
841 1032 856 1063 ‚
905 1008 1092 1070 quem
1139 986 1427 1071 sequitur
1447 1034 1462 1064 ,
1504 986 1913 1050 coniunctam
1938 985 2187 1050 invenit
2205 1034 2221 1063 ‚
2247 1008 2373 1070 qua
2396 1007 2464 1051 re
2486 986 2754 1051 fortasse
2778 989 2889 1053 de-

495 1095 713 1175 ceptus
763 1091 1006 1156 Literni
1051 1092 1414 1177 Scipionem
1462 1092 1780 1156 devictum
1829 1113 1961 1156 esse
1999 1092 2281 1156 tradidit.
2330 1091 2471 1157 Tali
2512 1094 2701 1157 modo
2743 1096 2877 1179 egit

499 1197 568 1261 in
615 1197 791 1262 clade
839 1201 920 1262 ad
963 1197 1261 1263 Trebiam
1308 1198 1635 1263 tradenda.
1689 1197 1855 1263 Satis
1905 1200 2159 1269 constat
2203 1198 2295 1262 ibi
2336 1220 2480 1263 cum
2518 1198 2885 1266 Hannibale

501 1301 860 1367 conflixisse
918 1302 990 1368 P.
1053 1302 1412 1387 Scipionem
1473 1306 1721 1387 patrem
1784 1306 1850 1368 et
1908 1303 2004 1370 Ti.
2067 1303 2513 1387 Sempronium
2561 1304 2879 1391 Longum.

501 1406 692 1473 Unde
751 1410 1009 1473 tandem
1063 1408 1354 1473 Tiberius
1416 1408 1770 1475 Claudius?
1830 1408 2085 1475 Nomen
2148 1410 2385 1474 Tiberii
2448 1410 2699 1476 Claudii
2743 1434 2887 1477 cum

502 1514 574 1580 P.
652 1513 962 1599 Scipionis
1026 1515 1140 1579 filii
1200 1516 1458 1579 nomine
1519 1516 1934 1580 coniunctum
1994 1516 2187 1600 legit,
2250 1516 2360 1580 ubi
2418 1517 2732 1601 agebatur
2803 1520 2881 1583 de

503 1620 598 1683 Ti.
667 1619 931 1686 Claudio
995 1621 1251 1686 consule
1311 1642 1455 1685 cum
1524 1621 1594 1685 P.
1669 1620 1966 1706 Scipione
1986 1669 2002 1699 ‚
2073 1643 2345 1705 quocum
2414 1622 2556 1706 pari
2624 1624 2890 1708 imperio

505 1723 677 1805 erat,
748 1728 815 1791 in
886 1728 1172 1793 Africam
1242 1727 1432 1792 misso
1504 1725 1629 1813 (Cf.
1680 1727 1815 1793 Liv.
1864 1727 2088 1806 XXX,
2142 1729 2248 1806 27,
2300 1728 2389 1815 5).
2438 1729 2663 1793 Altero
2713 1730 2852 1794 loco
2873 1778 2889 1807 ‚

505 1833 616 1896 ubi
660 1834 736 1898 de
781 1832 1148 1898 Hannibale
1193 1833 1522 1918 Ampeliu's
1565 1834 1737 1918 agit,
1777 1838 1995 1898 narrat
2034 1834 2333 1899 Flaccum
2376 1835 2697 1899 consulem
2725 1839 2895 1919 apud

504 1938 798 2002 Trebiam
858 1938 1261 2003 vulneratum
1325 1962 1476 2003 esse.
1549 1937 1688 2014 Quo
1758 1960 1928 2004 anno
1978 1939 2165 2025 (535)
2215 1942 2385 2025 apud
2432 1940 2729 2006 Trebiam
2775 1964 2895 2026 pu-

507 2047 777 2129 gnatum
854 2048 986 2122 est,
1055 2044 1267 2130 Scipio
1330 2050 1394 2110 et
1449 2045 1859 2129 Sempronius
1923 2045 2186 2130 Longus
2250 2048 2539 2111 0011011100
2601 2047 2893 2125 fuerunt,

447 2154 452 2157 ’
504 2154 729 2216 contra
777 2150 849 2226 Q.
899 2150 1159 2215 Fulvius
1207 2151 1469 2216 Flaccus
1517 2172 1691 2241 anno
1741 2152 1867 2216 541
1920 2152 2322 2216 consulatum
2374 2153 2589 2237 gessit.
2639 2154 2739 2217 Ex
2780 2154 2894 2232 iis,

507 2278 671 2340 quae
717 2256 835 2319 hac
875 2259 952 2321 de
1000 2278 1067 2321 re
1115 2257 1357 2321 contuli
1379 2304 1394 2335 ,
1441 2257 1597 2324 satis
1638 2257 2047 2321 manifestum
2072 2261 2197 2335 est,
2223 2256 2590 2342 Ampelium
2617 2259 2687 2323 111
2729 2259 2894 2323 bello

506 2361 748 2426 Punico
813 2365 1090 2426 secundo
1160 2363 1513 2427 enarrando
1584 2363 2145 2447 neglegentissime
2218 2366 2475 2428 auctore
2495 2413 2510 2441 ,
2558 2387 2746 2449 quem
2794 2385 2894 2428 se-

508 2471 743 2551 quatur
762 2516 777 2546 ‚
827 2490 1011 2533 usum
1053 2490 1204 2533 esse.
1256 2468 1406 2533 Non
1453 2470 1625 2533 enim
1672 2469 1941 2554 cogitari
1987 2473 2203 2554 potest
2249 2492 2389 2534 eum
2443 2471 2601 2534 tales
2654 2490 2893 2533 errores

507 2573 578 2637 in
626 2574 806 2638 fonte
854 2594 968 2639 suo
1016 2576 1352 2640 invenisse.
1384 2576 1435 2662 ²)

836 2680 1031 2765 Amp.
1082 2682 1204 2760 47,
1256 2684 1315 2746 3.
1992 2682 2070 2745 de
2115 2680 2231 2743 vir.
2278 2677 2372 2742 ill.
2428 2678 2550 2754 71,
2603 2677 2664 2739 3.

599 2786 882 2870 Populus
905 2785 1232 2852 Romanus
1259 2836 1274 2851 .
1303 2837 1316 2852 .
1345 2810 1459 2871 per
1483 2808 1641 2849 eun·
1848 2784 2153 2869 Caepio
2211 2805 2354 2847 cum
2404 2782 2654 2846 vincere
2702 2779 2888 2844 aliter

511 2895 656 2957 dem
697 2890 1175 2976 Scipionem
1225 2890 1653 2978 (Aemilia-
1768 2910 1900 2973 non
1942 2890 2186 2971 posset,
2235 2887 2392 2950 duos
2437 2886 2743 2951 satellites
2782 2907 2894 2969 90-

511 3022 556 3063 11
573 3020 614 3062 11
635 3000 724 3083 111)
801 2998 1198 3063 Lusitaniam
1285 3002 1349 3062 et
1418 2996 1640 3058 ducem
1760 2993 1949 3058 cunia
2011 2992 2331 3076 corrupit,
2380 2992 2490 3075 qui
2530 2990 2895 3056 Viriathum

511 3104 878 3185 Viriathum
925 3105 1099 3170 vicit.
1778 3100 1973 3163 humo
2020 3099 2379 3183 depositum
2426 3099 2850 3182 peremerunt.

446 3190 450 3195 ’
598 3209 768 3285 Quae
815 3209 1325 3276 Pseudo-Victor
1371 3208 1490 3271 hac
1537 3209 1617 3271 de
1663 3228 1731 3271 re
1777 3206 1979 3270 tradit
2042 3208 2210 3293 10010
2280 3226 2412 3268 0000
2457 3203 2720 3267 habent.
2792 3202 2897 3267 Ad

507 3316 873 3402 Ampelium
896 3364 911 3394 ‚
961 3316 1072 3399 qui
1119 3314 1290 3379 001110
1339 3312 1707 3378 Viriathum
1757 3335 1795 3376 a
1841 3311 2140 3396 Scipione
2188 3310 2427 3385 victum
2477 3331 2610 3373 esse
2657 3311 2898 3385 narrat,

577 3560 635 3630 1)
676 3560 753 3614 Of.
791 3557 904 3612 Liv.
942 3554 1280 3620 XXXVIII,
1322 3556 1404 3609 52.
1451 3556 1536 3608 53.
1575 3553 1680 3608 Dio
1711 3554 1867 3607 Cass.
1906 3552 1970 3606 fr.
2014 3552 2099 3605 63.

577 3648 633 3716 2)
671 3642 833 3699 Nulla
867 3646 947 3697 est
982 3660 1140 3697 eausa
1177 3659 1270 3696 cur
1307 3660 1426 3696 cum
1461 3639 1721 3712 Haupti0]
1740 3637 1837 3709 (1.1.
1877 3657 1927 3710 p.
1973 3639 2063 3707 28)
2104 3640 2158 3691 01
2200 3638 2580 3692 Rosenhauero
2620 3636 2715 3707 (l.l.
2738 3655 2788 3707 p.
2810 3639 2902 3707 21)

503 3736 746 3804 putemus
801 3729 1100 3802 Ampelium
1156 3748 1266 3801 cap.
1326 3732 1393 3783 28
1450 3732 1504 3783 et
1551 3746 1667 3797 cap.
1721 3729 1791 3781 46
1840 3726 2076 3780 diversos
2114 3724 2286 3778 fontes
2326 3724 2645 3779 adhibuisse.
2701 3724 2905 3778 Putant

503 3820 643 3877 enim
696 3817 997 3889 Ampelium
1051 3836 1165 3889 cap.
1217 3819 1282 3871 28
1337 3835 1366 3871 0
1413 3817 1625 3887 Νο9010
1678 3812 1941 3885 9011(1010,
1994 3811 2141 3883 quod
2188 3811 2311 3865 huic
2345 3811 2633 3866 assentiens
2672 3810 2902 3876 „bellum

503 3905 822 3962 Hannibalis
858 3910 1110 3976 tanquam
1147 3904 1470 3975 triumphum
1508 3903 1621 3957 eius
1668 3889 2024 3955 continentem
2064 3898 2350 3970 exponat.'’
2391 3898 2494 3953 Sed
2529 3915 2666 3969 quae
2702 3898 2802 3952 hac
2838 3896 2905 3951 de

506 4013 563 4049 re
607 3993 684 4049 illi
734 3993 831 4048 viri
883 3992 1026 4047 docti
1074 3991 1403 4053 attulerunt,
1457 4006 1565 4043 non
1616 3986 1793 4059 magni
1845 3984 2099 4039 momenti
2150 4003 2261 4039 0000
2300 3983 2559 4039 videntur.
2618 3985 2757 4038 Nam
2794 3982 2907 4037 veri

507 4080 676 4135 simile
721 4085 800 4135 est
846 4084 942 4134 aut
991 4079 1245 4135 nonnulla
1291 4078 1346 4131 in
1395 4079 1632 4130 extremo
1684 4073 1856 4145 009110
1911 4074 1976 4125 28
2029 4071 2209 4126 deesse
2246 4075 2341 4125 aut
2375 4071 2670 4142 Ampelium
2712 4070 2768 4125 in
2804 4069 2905 4124 hoc

502 4166 674 4237 capite
720 4170 928 4220 tantum
965 4165 1208 4221 victorias
1247 4164 1314 4219 ab
1351 4161 1654 4217 Hannibale
1690 4162 1985 4229 reportatas
2024 4162 2360 4213 narraturum
2397 4158 2555 4212 fiiisse
2594 4156 2904 4227 (Marcellus

499 4253 635 4307 enim
686 4257 738 4306 et
775 4252 1114 4323 Sempronius
1152 4249 1420 4305 Gracchus
1456 4268 1564 4303 non
1599 4248 1771 4303 solum
1808 4246 2167 4301 Hannibalem
2210 4245 2483 4310 vicerunt,
2524 4244 2619 4299 sed
2654 4244 2811 4299 etiam
2836 4242 2902 4298 ab

497 4357 560 4395 00
617 4338 743 4393 victi
793 4342 978 4409 sunt).
1035 4339 1207 4402 Nam,
1261 4336 1307 4391 01
1362 4335 1664 4408 Α1119011110,
1725 4334 1993 4403 Nepotem
2031 4337 2275 4397 secutuS,
2314 4336 2484 4388 totum
2535 4331 2733 4388 bellum
2780 4348 2897 4385 cum

499 4424 798 4480 Hannibale
845 4429 1054 4494 gestum
1099 4427 1412 4478 narraturus
1460 4421 1646 4476 suisset
1662 4464 1677 4487 ,
1718 4420 1785 4475 de
1829 4418 2141 4475 Hannibalis
2180 4418 2328 4474 clade
2367 4419 2509 4491 apud
2544 4418 2753 4472 Zamam
2793 4434 2900 4470 non

499 4512 750 4569 tacuisset
787 4511 892 4582 (cf.
936 4512 1074 4581 Nep.
1112 4511 1292 4565 Hann.
1331 4508 1444 4573 VI,
1487 4510 1566 4578 3).
