3184 5342
1699 365 1784 430 90

556 551 728 613 tores
802 547 966 633 (Liv.
1016 547 1153 626 IX,
1202 549 1325 626 46,
1379 547 1497 626 14,
1570 547 1711 613 val.
1779 547 1950 613 Max.
1999 546 2103 625 ΙΙ,
2153 549 2229 626 2,
2279 547 2357 624 9,
2405 545 2657 630 Ampel.
2711 546 2816 622 18,
2877 546 2960 630 6)

554 675 697 717 eum
745 654 983 718 idcirco
1030 654 1383 718 Maximum
1435 655 1675 719 dictum
1721 678 1854 720 esse
1899 654 2220 732 referunt,
2268 655 2438 737 quod
2487 652 2818 716 libertinos
2873 651 2958 714 in

552 759 757 824 tribus
805 761 1083 825 urbanas
1132 763 1503 826 coniecisset
1552 761 1679 844 (Of.
1729 785 1938 846 supra.
1987 785 2050 847 p.
2101 763 2235 848 42).

641 865 862 929 Livius
928 866 1087 932 VIII
1108 917 1123 948 ‚
1191 869 1274 931 39
1298 916 1313 945 ,
1382 869 1463 932 15
1524 873 1745 932 narrat
1803 868 1876 944 Q.
1920 867 2120 931 Fabio
2168 868 2242 931 L.
2291 865 2520 930 Fulvio
2568 863 2959 928 consulibus

552 971 925 1036 dictatorem
974 975 1049 1037 A.
1102 971 1464 1039 Cornelium
1511 974 1822 1040 Arvinam
1864 975 1940 1037 de
1979 973 2374 1038 Samnitibus
2406 969 2834 1053 triumphasse
2869 971 2957 1052 ¹);

556 1081 859 1161 sequente
922 1079 1129 1163 capite
1190 1080 1284 1145 ita
1338 1080 1624 1165 disputat
1670 1080 1923 1144 Livius:
1969 1079 2148 1143 »Hoc
2194 1078 2434 1142 bellum
2484 1100 2522 1141 a
2569 1074 2956 1140 consulibus

554 1183 861 1248 bellatum
926 1186 1184 1269 quidam
1248 1189 1535 1250 auctores
1594 1189 1750 1250 sunt
1809 1207 2037 1268 eosque
2099 1187 2176 1248 de
2243 1183 2637 1248 Samnitibus
2704 1182 2952 1245 trium-

552 1289 821 1372 phasse3
886 1289 1154 1355 Fabium
1220 1292 1411 1356 etiam
1474 1292 1544 1354 in
1600 1291 1898 1375 Apuliam
1944 1290 2317 1374 processisse
2362 1293 2429 1353 et
2470 1289 2621 1352 inde
2667 1309 2954 1372 magnas

553 1397 821 1478 praedas
884 1397 1129 1481 egisse”
1156 1396 1227 1481 ΞΨ).
1293 1397 1457 1465 Cum
1519 1397 1620 1463 his
1681 1396 1846 1462 Livii
1906 1397 2272 1461 auctoribus
2331 1398 2703 1480 congruunt
2758 1393 2954 1458 Fasti

554 1497 763 1584 Capit.
814 1499 882 1566 O.
936 1505 980 1565 Ι.
1032 1502 1102 1566 L.
1148 1505 1193 1566 Ι.
1242 1526 1305 1586 p.
1351 1503 1518 1581 456,
1559 1505 1672 1587 qui
1709 1504 1978 1569 Fabium
2016 1506 2095 1567 de
2133 1501 2528 1567 Samnitibus
2569 1504 2634 1565 et
2668 1500 2907 1584 Apulis
2931 1553 2948 1584 ,

554 1605 820 1670 Furium
867 1609 944 1672 de
990 1608 1386 1674 Samnitibus
1432 1610 1857 1695 triumphasse
1905 1611 2279 1674 memorant.
2321 1607 2486 1672 Cum
2523 1607 2747 1672 iisdem
2786 1630 2948 1672 auc-

478 1792 483 1796 ,
555 1712 801 1777 toribus
846 1714 1052 1779 facere
1100 1715 1352 1781 videtur
1399 1716 1900 1780 Pseudo-Victor
1921 1763 1936 1792 ,
1997 1715 2107 1798 qui
2154 1714 2422 1778 Fabium
2471 1712 2548 1776 de
2595 1701 2830 1797 Apulis
2877 1718 2950 1778 et

554 1817 887 1883 Lucerinis
917 1821 969 1905 3)
1039 1820 1462 1906 triumphasse
1530 1822 1746 1887 tradit.
1818 1819 1914 1885 De
1977 1821 2254 1884 secundo
2323 1820 2505 1885 Fabii
2573 1819 2904 1904 triumpho
2924 1869 2940 1897 ‚

559 1945 748 2005 quem
798 1924 1311 1991 Pseudo-Victor
1358 1928 1766 2003 memoravit,
1816 1929 2035 1990 tacent
2078 1947 2295 1990 omnes
2342 1926 2698 2009 scriptores
2743 1925 2940 2011 Apud

555 2028 693 2095 Liv.
760 2030 849 2094 IX
870 2075 888 2107 ,·
956 2031 1038 2094 22
1060 2080 1074 2109 ‚
1147 2034 1232 2098 23
1294 2034 1563 2118 legimus
1615 2033 1884 2097 Fabium
1928 2034 2304 2098 dictatorem
2351 2054 2496 2096 cum
2543 2031 2936 2097 Samnitibus

556 2155 874 2219 pugnasse
893 2185 909 2215 ‚
970 2139 1079 2202 sed
1142 2161 1284 2204 eum
1346 2142 1425 2203 de
1484 2140 1708 2203 iisdem
1770 2139 2193 2222 triumphasse
2253 2159 2440 2202 nemo
2499 2139 2769 2223 scriptor
2807 2139 2928 2201 nisi

559 2242 1073 2309 Pseudo-Victor
1136 2247 1403 2311 tradidit
1430 2247 1500 2330 ³).
1566 2245 1664 2310 At
1729 2267 1920 2328 supra
1989 2245 2260 2310 vidimus
2329 2244 2927 2310 Pseudo-Victorem

558 2351 808 2435 saepius
852 2351 922 2415 in
972 2351 1247 2415 virorum
1298 2351 1640 2416 illustrium
1689 2351 1874 2415 rebus
1916 2352 2110 2434 gestis
2148 2351 2518 2415 enarrandis
2541 2398 2556 2428 ‚
2598 2353 2676 2415 de
2714 2351 2938 2414 trium-

557 2457 703 2541 phis
752 2457 831 2522 ab
894 2458 971 2521 iis
1017 2458 1175 2521 actis
1222 2457 1611 2522 mentionem
1659 2457 1880 2522 fecisse
1901 2505 1916 2535 ‚
1964 2459 2075 2522 ubi
2121 2457 2202 2521 ab
2249 2457 2326 2522 iis
2371 2457 2640 2521 feliciter
2686 2456 2943 2540 quidem

558 2566 911 2646 pugnatum
978 2564 1084 2627 sed
1148 2563 1458 2648 triumphi
1507 2563 1710 2628 honos
1756 2564 1834 2628 iis
1881 2585 2013 2627 non
2059 2563 2339 2627 tributus
2385 2564 2469 2627 sit
2515 2561 2637 2648 (Of.
2685 2585 2749 2644 p.
2807 2563 2940 2644 12).

561 2670 1059 2733 Admonendum
1127 2673 1343 2734 tamen
1391 2673 1489 2734 est
1532 2675 1595 2733 et
1643 2670 1892 2734 Livium
1939 2668 2070 2747 IX,
2123 2671 2243 2746 40,
2303 2669 2386 2733 20
2435 2673 2498 2732 et
2541 2667 2762 2732 Fastos
2811 2664 2947 2730 Ga-

556 2775 669 2855 pit.
726 2771 795 2837 O.
848 2777 894 2835 Ι.
947 2774 1014 2836 L.
1070 2774 1121 2840 Ι.
1172 2799 1235 2858 p.
1281 2775 1409 2839 456
1453 2762 1868 2839 eum'iterum
1905 2778 1981 2840 de
2020 2775 2307 2840 Etruscis
2346 2775 2770 2858 triumphasse
2810 2776 2948 2837 ret-

557 2879 795 2944 tulisse.
861 2879 993 2946 Ubi
1053 2882 1129 2945 de
1191 2881 1381 2945 tertio
1430 2881 1610 2945 Fabii
1658 2881 1982 2966 triumpho
2031 2883 2166 2965 egit
2208 2879 2724 2945 Pseudo-Victor
2770 2901 2948 2943 erro-

554 3007 687 3049 rem
750 2986 1101 3065 commisit‚
1171 3008 1367 3071 quum
1427 2987 1696 3052 Fabium
1762 2988 1842 3050 ad
1905 2988 2243 3053 Sentinum
2303 3009 2448 3052 cum
2499 2985 2727 3051 Marsis
2749 3033 2764 3064 ‚
2811 3008 2948 3050 non

630 3268 685 3337 1)
723 3268 803 3321 Of.
841 3269 964 3322 Zon.
1002 3269 1141 3333 VII,
1182 3269 1267 3323 26.
1304 3287 1354 3340 p.
1396 3268 1517 3322 363.
1554 3267 1631 3324 II.

628 3343 682 3423 2')
721 3353 850 3408 Veri
888 3354 1055 3408 simile
1093 3358 1175 3409 est
1214 3353 1281 3408 de
1318 3355 1419 3408 hoc
1454 3353 1608 3409 Fabii
1641 3354 1906 3427 triumpho
1944 3354 2172 3428 primum
2208 3358 2382 3409 actum
2421 3371 2534 3408 esse
2569 3353 2625 3408 in
2655 3351 2810 3407 Fabii
2833 3352 2951 3410 Pic-

559 3442 692 3497 toris
730 3440 1022 3496 annalibus,
1067 3440 1149 3494 Cf.
1185 3440 1300 3494 Liv.
1340 3439 1508 3505 VIII,
1548 3443 1644 3506 40,
1685 3443 1748 3494 3:
1785 3458 1920 3507 „nec
1955 3440 2106 3495 facile
2142 3445 2222 3495 est
2257 3445 2352 3495 aut
2384 3458 2494 3494 rem
2533 3440 2614 3495 rei
2648 3443 2742 3494 aut
2767 3445 2952 3496 aucto·

551 3548 663 3584 rem
719 3528 919 3584 auctori
969 3527 1264 3600 praeferre,
1303 3526 1541 3582 vitiatam
1580 3527 1882 3582 memoriam
1919 3527 2229 3583 funebribus
2267 3527 2508 3581 laudibus
2543 3545 2664 3581 reor
2701 3527 2950 3600 falsisque

552 3615 839 3687 imaginum
882 3614 1081 3680 titulis,
1124 3614 1247 3669 dum
1285 3613 1592 3669 familia
1629 3615 1714 3669 ad
1759 3630 1828 3668 se
1869 3633 1958 3686 qu
1983 3633 2218 3688 aeque
2251 3616 2448 3668 famam
2481 3617 2950 3686 rerumgestarum

547 3702 915 3774 honorumque
956 3701 1161 3756 fallenti
1202 3701 1475 3756 mendacio
1515 3700 1786 3756 trahunt''.

550 3855 557 3864 .
628 3790 681 3856 3)
720 3786 853 3841 Cum
896 3787 1075 3842 multis
1112 3786 1236 3842 viris
1274 3789 1441 3842 doctis
1477 3804 1575 3859 pro
1613 3788 2040 3843 Nucerinis
2073 3787 2496 3843 Lucerinis
2527 3787 2808 3858 legendum
2841 3806 2959 3842 esse

550 3878 694 3949 puto·
1845 3891 1850 3896 ·

616 3963 669 4029 3)
721 3961 873 4014 Duae
910 3960 977 4015 de
1017 3980 1195 4032 pugna
1230 3961 1297 4014 ad
1334 3960 1588 4015 Lautulas
1637 3963 1912 4016 commissa
1953 3962 2282 4016 narrationes
2323 3962 2465 4034 apud
2503 3961 2751 4034 antiquos
2791 3961 2958 4033 scrip-

550 4051 690 4102 tores
746 4046 976 4101 fuerunt.
1027 4047 1144 4102 Liv.
1185 4047 1258 4101 l.l.
1300 4046 1523 4102 Fabium
1563 4046 1790 4119 primum
1823 4066 1941 4102 cum
1985 4048 2308 4104 Samnitibus
2343 4049 2412 4103 ad
2449 4048 2703 4102 Lautulas
2739 4047 2960 4119 ancipiti

553 4133 751 4204 proelio
808 4132 1114 4200 dimicasse,
1151 4133 1341 4188 deinde
1379 4133 1530 4188 brevi
1568 4138 1689 4206 post
1726 4153 1816 4188 eos
1853 4134 2159 4206 profligasse
2197 4135 2387 4200 refert3
2427 4137 2617 4188 contra
2655 4133 2814 4187 Diod.
2852 4133 2955 4187 Sic.

558 4218 698 4272 XIX
715 4261 729 4284 ,
769 4221 835 4274 72
872 4219 1099 4276 Fabium
1135 4219 1325 4274 ibidem
1367 4239 1399 4274 a
1436 4220 1757 4275 Samnitibus
1794 4220 1993 4282 victum
2030 4240 2146 4276 esse
2181 4221 2373 4286 tradit,
2413 4220 2480 4276 de
2516 4237 2615 4292 qua
2655 4219 2805 4274 clade
2841 4221 2950 4292 qui-

557 4306 678 4360 dam
714 4325 919 4379 quoque
956 4306 1099 4362 Livii
1134 4311 1373 4362 auctores
1414 4307 1734 4362 mentionem
1774 4308 2013 4362 fecerunt
2051 4309 2152 4378 (Cf.
2192 4308 2306 4363 Liv.
2348 4310 2432 4372 23,
2457 4309 2515 4361 5:
2551 4305 2797 4372 „invenio
2815 4305 2958 4377 apud

564 4393 818 4464 quosdam
876 4392 1147 4448 adversam
1208 4411 1321 4449 eam
1381 4412 1614 4466 pugnam
1673 4394 1934 4448 Romanis
1981 4394 2139 4448 fuisse
2197 4400 2354 4466 alque
2409 4392 2464 4447 in
2520 4411 2584 4446 ea
2637 4391 2887 4446 cecidisse
2917 4392 2966 4460 Q,

561 4477 778 4532 Aulium
816 4477 1128 4550 magistrum
1164 4479 1489 4552 equitum.'').
