3184 5342
1618 352 1699 416 76

467 533 817 599 concessit”
848 534 919 613 ¹).
958 532 1253 599 Errorem
1292 533 1610 599 commisit
1634 532 2163 612 Pseudo-Victor,
2190 534 2302 597 ubi
2329 532 2708 599 Volscorum
2734 537 2865 600 du-

465 660 600 703 cem
644 638 862 704 Titum
900 639 1156 704 Tatium
1196 642 1382 704 vocat
1405 642 1477 725 ²);
1519 640 1690 724 apud
1731 642 1971 704 ceteros
2011 640 2351 724 scriptores
2388 638 2585 704 Attus
2606 639 2865 705 Tullius

466 744 845 829 appellatur.
933 745 1147 810 Livius
1218 745 1283 811 II
1302 793 1317 824 ,
1384 747 1503 825 39,
1569 745 1610 811 5
1675 744 2082 811 Coriolanum
2147 749 2361 810 castra
2424 745 2709 830 quinque
2774 746 2863 811 ab

467 851 624 915 urbe
681 849 861 915 milia
904 872 1204 935 passuum
1249 852 1534 937 posuisse
1579 851 1811 929 refert,
1862 851 2032 935 apud
2081 850 2697 916 Pseudo-Victorem
2731 874 2861 933 ,ca-

464 960 596 1021 stra
641 957 722 1021 ad
766 959 1068 1041 quartum
1113 958 1195 1023 ab
1243 958 1398 1023 urbe
1435 958 1712 1043 lapidem
1760 958 1971 1043 posita
2018 961 2185 1023 sunt.
2237 956 2481 1023 Notum
2532 961 2630 1022 est
2679 961 2848 1023 tem-

467 1062 645 1147 plum
715 1062 1038 1128 Fortunae
1103 1064 1430 1129 muliebris
1499 1066 1717 1129 eodem
1787 1066 1928 1131 loco
1998 1065 2420 1140 constitutum
2494 1086 2663 1150 esse,
2726 1087 2865 1149 quo

467 1165 845 1234 Coriolanus
901 1192 940 1233 a
984 1172 1187 1235 matre
1232 1173 1299 1235 et
1333 1191 1527 1235 uxore
1565 1175 1865 1236 exoratus
1911 1174 2075 1237 esset
2102 1169 2222 1257 (Cf.
2253 1156 2447 1236 Dion.
2471 1171 2619 1235 Hal.
2650 1170 2851 1257 VIII,

470 1273 574 1360 55,
639 1274 788 1339 Val.
850 1275 1021 1341 Max.
1069 1276 1151 1360 V,
1207 1278 1278 1355 2,
1334 1278 1394 1355 1,
1441 1278 1956 1363 Pseudo-Vict.);
2012 1278 2241 1343 deinde
2287 1277 2455 1342 hanc
2500 1278 2721 1342 aedem
2769 1280 2857 1341 ad

463 1382 764 1466 quartum
810 1382 1156 1447 miliarium
1203 1384 1597 1451 aedificatam
1642 1406 1775 1450 esse
1823 1387 2091 1450 tradunt
2127 1384 2277 1452 Val.
2320 1384 2489 1449 Max.
2519 1383 2553 1448 I
2572 1432 2587 1462 ‚
2616 1386 2656 1449 8
2673 1435 2689 1467 ‚
2718 1386 2761 1449 4
2786 1386 2857 1448 et

465 1485 634 1551 Fest.
682 1510 742 1553 v.
783 1488 1157 1554 Pudicitiae.
1199 1489 1355 1555 Veri
1393 1492 1597 1557 simile
1636 1492 1834 1577 igitur
1876 1495 1972 1557 est
1998 1490 2613 1557 Pseudo-Victorem
2638 1494 2855 1556 castra

467 1595 548 1656 ad
594 1596 894 1678 quartum
942 1596 1022 1659 ab
1063 1596 1219 1660 urbe
1256 1596 1532 1682 lapidem
1571 1599 1783 1682 posita
1816 1598 2052 1663 idcirco
2091 1598 2409 1663 rettulisse
2432 1600 2607 1682 quod
2632 1599 2855 1663 eodem

464 1698 605 1763 loco
669 1698 990 1765 Fortunae
1049 1702 1374 1768 muliebris
1435 1705 1745 1787 templum
1810 1708 1974 1769 esset
2002 1706 2067 1784 ³).
2132 1704 2226 1769 De
2273 1702 2599 1770 Coriolani
2647 1708 2855 1771 morte

466 1804 738 1870 maxime
789 1806 961 1871 inter
1007 1829 1072 1872 se
1119 1808 1480 1894 discrepant
1527 1811 1898 1895 scriptores:
1949 1810 2103 1876 >alii
2149 1834 2291 1896 eum
2340 1812 2464 1876 alio
2513 1812 2642 1876 leto
2692 1834 2837 1897 per-

463 1910 608 1976 iisse
653 1912 963 1977 tradunt‘’
1004 1912 1163 1992 (Liv.
1216 1913 1318 1993 ΙΙ,
1369 1917 1490 1993 40,
1545 1917 1655 2001 10)
1682 1916 1761 2002 ⁴).
1823 1917 2018 2001 Apud
2067 1917 2681 1983 Pseudo-Victorem
2737 1922 2851 1983 »ut

465 2017 752 2102 proditor
813 2020 1054 2083 occisus
1122 2020 1283 2085 est.”
1354 2020 1644 2085 Eandem
1707 2024 2139 2088 narrationem
2205 2023 2507 2087 exhibere
2552 2024 2853 2090 videntur

464 2124 589 2190 Dio
636 2124 813 2193 Cass.
857 2125 936 2191 fr.
991 2128 1113 2205 18,
1165 2129 1286 2207 12,
1334 2128 1642 2214 Polyaen.
1691 2128 1889 2214 VIII,
1943 2129 2063 2207 25,
2115 2130 2189 2209 3,
2238 2129 2436 2215 Amp.
2490 2131 2575 2195 27
2605 2180 2620 2211 ‚
2671 2132 2727 2195 1.

553 2337 764 2425 Caput
824 2340 968 2406 XX.
1034 2340 1305 2418 Eadem,
1354 2362 1513 2425 quae
1561 2340 2065 2406 Pseudo-Victor
2111 2341 2235 2407 hoc
2282 2344 2491 2427 capite
2542 2345 2763 2409 narrat
2809 2366 2849 2407 a

456 2446 639 2512 Livio
701 2446 834 2525 VI,
885 2448 1010 2525 34,
1054 2444 1116 2525 5,
1165 2468 1317 2531 seq„
1366 2446 1559 2511 Dion.
1611 2444 1785 2513 Cass,
1835 2447 1913 2513 fr.
1966 2448 2051 2511 29
2080 2448 2156 2532 ⁵),
2205 2448 2342 2513 Zon
2393 2449 2559 2527 VII,
2620 2451 2725 2516 24.
2762 2435 2839 2534 ‘p.

534 2733 591 2801 1)
629 2730 708 2787 of.
744 2729 1000 2801 Schwegl.
1036 2729 1174 2785 Hist.
1211 2732 1367 2784 Rom.
1403 2729 1480 2784 Π.
1516 2749 1568 2801 p.
1610 2731 1730 2785 352.
1766 2729 1893 2785 adn.
1931 2732 1981 2785 3.

535 2816 590 2886 2)
628 2815 708 2870 Cf.
744 2815 992 2870 MommS.
1026 2814 1100 2869 1.l.
1136 2835 1188 2887 p.
1230 2818 1383 2888 7-p.
1427 2816 1545 2871 122.
1583 2815 1707 2871 adn.
1747 2818 1836 2875 18.

539 2905 592 2972 3)
630 2902 708 2957 Cf.
753 2901 1012 2974 Schwogl.
1053 2901 1125 2957 l.1.
1163 2920 1216 2973 p.
1255 2904 1374 2957 382.
1413 2901 1535 2957 adn.
1576 2904 1626 2957 6.

537 2992 594 3061 4)
632 2989 710 3045 Cf.
753 2988 1008 3061 Schwegl.
1045 2988 1119 3044 1.1.
1156 3008 1210 3060 p.
1247 2990 1367 3045 361.
1405 2989 1526 3044 adn.
1565 2990 1617 3044 2.

541 3126 595 3193 5)
668 3121 847 3177 Prima
920 3121 1074 3177 huius
1127 3121 1412 3196 fragmenti
1463 3122 1627 3178 verba
1680 3141 1928 3195 perverso
1979 3123 2166 3180 ordine
2218 3122 2414 3195 scripta
2468 3125 2620 3178 sunt:
2684 3126 2763 3176 ὅτι
2822 3126 2852 3182 ἡ

468 3213 672 3278 Ῥούφου
735 3214 860 3278 γυνὴ
923 3218 1411 3278 χιλιαρχοῦντος...
1467 3214 1801 3281 ἐξεταράχθη.
1874 3210 2186 3283 Legendum
2244 3214 2321 3263 ὅτι
2384 3213 2411 3269 ἡ
2464 3214 2588 3277 γυνὴ
2644 3212 2852 3276 Ῥούφου

461 3306 887 3366 χιλιαρχοῦντος.
909 3339 919 3351 .
941 3339 951 3350 .
1005 3299 1334 3367 ἒξεταράχθη.
1409 3297 1550 3350 Nam
1602 3314 1709 3351 nou
1756 3296 1969 3369 Sulpicii
2016 3298 2139 3351 Rufi
2190 3296 2390 3351 tribuni
2435 3294 2708 3362 militaris,
2758 3295 2855 3349 sed

458 3382 652 3438 Licinii
699 3382 928 3438 Stolonis
975 3383 1173 3438 tribuni
1208 3382 1374 3455 plebis
1409 3401 1541 3437 uxor
1577 3382 1753 3437 animo
1791 3382 2101 3454 perturbata
2137 3387 2235 3438 est.
2297 3381 2521 3437 Dionem
2557 3382 2730 3456 ipsum
2764 3382 2855 3437 hio

427 3490 628 3527 ,errore
664 3471 869 3542 lapsum
905 3488 1013 3525 non
1049 3488 1161 3525 esse
1213 3468 1360 3523 testis
1398 3472 1478 3523 est
1512 3470 1771 3536 ZonaraS,
1811 3468 1903 3539 qui
1948 3467 2133 3523 iisdem
2175 3469 2284 3525 fere
2320 3469 2523 3537 verbis„
2556 3488 2691 3540 quae
2710 3469 2853 3540 apud

404 3556 407 3560 ⁴
460 3558 684 3614 Dionem
718 3558 961 3631 legisset,
995 3576 1108 3612 rem
1142 3556 1420 3611 rettulerit.

851 3644 955 3700 Dio
997 3642 1226 3699 Cassius.
2144 3641 2389 3697 Zonaras,

1774 3730 1971 3795 Μάρκος
2013 3728 2112 3795 γάρ
2160 3748 2241 3788 τις
2288 3729 2476 3791 Φάβιος
2528 3728 2855 3793 εὐπατρίδης,

1705 3813 1983 3878 θυγατέρων
2004 3807 2135 3863 δυοῖν
2154 3811 2429 3876 τυγχάνων
2451 3810 2633 3875 πατήρ,
2652 3813 2743 3870 τὴν
2763 3813 2853 3873 μὲν

1705 3895 2046 3960 πρεσβυτέραν
2081 3895 2309 3957 Λικιννίῳ
2348 3894 2449 3943 τινὶ
2481 3897 2696 3944 Στόλωνι
2729 3913 2854 3943 κατ-

1704 3977 1935 4043 ηγγύησε
2014 3979 2145 4028 πολὺ
2213 3974 2373 4026 αὐτοῦ
2446 3975 2853 4039 καταδεεστέρῳ,

1704 4062 1795 4119 τὴν
1874 4060 1928 4110 δὲ
2012 4060 2246 4125 νεωτέραν
2322 4059 2597 4121 Σουλπικίῳ
2665 4057 2853 4123 Ῥούφῳ

1708 4142 1845 4205 ἀνδρὶ
1903 4144 2131 4207 ὁμοτίμῳ
2188 4142 2443 4207 συνῴκισε.
2516 4144 2852 4204 χιλιαρχοῦν-

523 4229 601 4279 ὅτι
637 4229 666 4286 ἧ
700 4228 888 4294 Ρούφου
923 4247 1051 4293 γυνη
1083 4230 1482 4292 χιλιαρχοῦντος
1518 4226 1605 4277 καῖ
1704 4244 1792 4284 τος
1862 4222 1943 4275 οὖν
2013 4230 2104 4276 τοῦ
2171 4226 2377 4289 Ῥούφου
2442 4224 2528 4273 καὶ
2578 4223 2723 4282 ’όντος
2800 4221 2851 4273 ἒν
2914 4268 2924 4273 -

452 4312 764 4375 πράττοντος
800 4310 848 4362 ἓν
871 4315 935 4377 τῇ
967 4312 1127 4377 ἀγορᾷ
1146 4307 1597 4371 δημόσιον,ἒπειδῆ
1702 4309 1892 4375 ἀγορᾷ,
1960 4310 2078 4371 πρὸς
2153 4308 2245 4366 τὴν
2312 4310 2527 4372 γυναῖκα
2595 4305 2756 4355 αὐτοῦ
2820 4304 2849 4361 ἦ

455 4392 635 4454 ἐκεῖνος
669 4394 880 4458 ἀφίκετο
916 4393 1001 4443 καὶ
1035 4393 1125 4450 τὴν
1161 4390 1302 4453 θύραν
1334 4391 1360 4439 ὁ
1391 4390 1598 4453 ῥαβδοῦ-
1700 4389 1894 4454 ἀδελφὴ
1956 4388 2117 4448 αὐτῆς
2184 4387 2539 4453 παραγέγονεν.
2607 4386 2849 4451 ἀφικομέ-

453 4494 550 4540 χος
620 4476 755 4526 κατά
818 4494 870 4524 τι
935 4474 1042 4532 ’έθος
1104 4474 1315 4537 ἀρχαῖον
1366 4473 1592 4537 ’ἔκρουσεν
1698 4490 1777 4522 νου
1833 4472 1879 4522 δ’
1933 4471 2116 4523 ἐκείνου
2163 4472 2253 4529 τὴν
2303 4470 2444 4532 θύραν
2490 4471 2516 4518 ὃ
2563 4468 2845 4533 ῥαβδοῦχος
