3184 5342
1429 362 1548 479 161

395 981 472 1045 de
518 979 656 1048 Vir.
706 978 798 1044 ill.
851 981 931 1059 5,
980 982 1041 1045 2.

855 1107 935 1167 ei:
1004 1102 1402 1169 Martium

857 1194 955 1258 ad
1004 1192 1401 1259 Murtium

403 1298 798 1384 Legendum:
848 1299 1240 1366 Aventinum
1291 1301 1389 1365 ad
1437 1299 1813 1366 Murciae
1859 1303 2215 1364 montem
2263 1297 2409 1362 urbi
2432 1297 2696 1362 addidit.

298 1404 428 1490 (Of.
476 1406 624 1473 diss,
674 1429 738 1490 p.
787 1407 924 1493 61).

396 1146 798 1237 Aventinum
1455 1172 1517 1213 m
1538 1170 1575 1212 o
1594 1172 1640 1213 n
1660 1154 1690 1213 1:
1706 1171 1741 1215 e
1757 1172 1787 1214 s
1832 1148 1975 1212 urbi
2019 1146 2298 1241 addidit.-

1451 1652 1546 1730 X.

395 1921 473 1983 de
519 1917 659 1984 Vir.
709 1917 802 1984 ill.
855 1918 975 1996 22,
1029 1919 1088 1982 3.

395 2024 525 2089 Ubi
612 2046 726 2111 per
797 2046 858 2087 m
891 2022 1274 2089 ollitiem
1347 2022 1539 2086 maris
1605 2021 1837 2105 anguis
1900 2021 2259 2105 proximum
2329 2018 2693 2104 Aesculapii

308 2128 527 2195 fanum
569 2130 772 2214 petiit.
1413 2140 1420 2145 ’

400 2234 856 2302 Scribendum:
907 2236 1018 2300 ubi
1064 2258 1179 2322 per
1224 2236 1478 2301 moles
1518 2234 1733 2303 maris.
1788 2231 1911 2319 (of.
1959 2233 2106 2297 diss,
2153 2254 2213 2317 p.
2272 2230 2405 2317 78).

1424 2548 1556 2622 XI.

391 2834 640 2900 Iniuria
701 2836 994 2905 Editores
1062 2840 1140 2905 de
1203 2840 1338 2904 Vir.
1405 2840 1495 2905 ill.
1568 2841 1651 2905 19
1672 2888 1688 2919 ,
1740 2841 1779 2905 3
1840 2844 1906 2905 eia
1970 2841 2052 2904 81
2080 2887 2095 2917 ‚
2146 2841 2179 2902 1
2247 2838 2443 2904 verba
2496 2836 2688 2901 ›Tit-‚o

293 2940 527 3005 Tatio”
574 2942 646 3005 in
692 2943 900 3011 ›Assto
946 2945 1203 3013 Tullio”
1253 2950 1687 3014 mutaverunt.

1410 3258 1580 3332 XII.

384 3542 639 3609 Nomen
687 3544 1158 3612 Flaminius
1204 3549 1373 3632 apud
1421 3547 1673 3632 Ampel.
1721 3549 1804 3614 16
1826 3597 1841 3622 ‚
1888 3550 1947 3614 3.
1992 3550 2099 3616 44.
2144 3549 2261 3627 47,
2296 3552 2324 3612 1
2358 3569 2491 3613 non
2534 3570 2677 3613 oum

289 3649 661 3715 Woelfflino
706 3651 778 3715 in
823 3652 1152 3718 Flamin
1169 3654 1248 3718 in
1265 3675 1387 3718 um
1435 3655 1819 3718 mussandum
1865 3658 1980 3718 est.

1375 3933 1581 4008 XIII.

379 4187 546 4253 Flor.
596 4190 663 4269 I,
713 4193 786 4276 4,
842 4192 902 4259 2.

378 4295 588 4379 Igitur
635 4301 701 4361 ef,
747 4320 926 4363 muro
973 4301 1298 4365 moenia
1347 4302 1675 4386 amplexus
1724 4308 1836 4369 est.

380 4399 777 4484 Legendum:
853 4426 1031 4469 muro
1097 4405 1579 4471 Ianiculum
1646 4410 1977 4494 amplexus
2036 4416 2149 4476 est.
2217 4413 2343 4498 (Of.
2410 4415 2556 4481 diss,
2608 4440 2670 4501 p.

284 4504 394 4569 61.
442 4509 590 4571 adn.
645 4509 732 4596 2).
