3184 5342
1397 399 1481 463 47

247 588 589 668 utrumque
660 582 967 647 eiusmodi
1026 583 1153 660 est,
1222 583 1296 645 ut
1364 580 1862 644 luculentissime
1923 584 2228 665 appareat
2272 582 2636 667 Ampelium

249 692 317 754 613
374 688 981 755 Pseudo-Victorem
1044 709 1077 751 e
1142 686 1465 751 communi
1527 685 1706 749 fonte
1749 709 1863 750 sua
1908 686 2209 752 hausisse.
2282 688 2452 753 Nam
2499 711 2632 753 non

248 795 453 860 solum
516 795 879 879 frequenter
941 793 1157 858 eadem
1204 793 1429 856 iisdem
1478 791 1608 855 fere
1655 792 1862 856 verbis
1908 786 2210 870 tradunt,
2258 796 2428 878 quod
2450 845 2466 873 ‚
2513 797 2633 861 etsi

248 903 469 986 magni
514 901 821 967 momenti
868 906 999 984 est,
1050 917 1515 982 'nonnunquam
1566 921 1716 963 casu
1763 899 2000 964 factum
2051 923 2183 964 esse
2228 905 2473 985 potest,
2523 903 2631 966 sed.

246 1011 495 1073 eosdem
562 1029 802 1072 errores
869 1007 1281 1072 committunt
1300 1053 1316 1082 ‚
1374 1007 1627 1069 eosdem
1691 1004 1982 1070 homines
2028 1006 2200 1070 inter
2243 1005 2309 1072 86
2355 1007 2629 1073 confun-

246 1116 441 1200 dunt,
491 1115 760 1179 tradunt
808 1136 917 1196 ea,
969 1135 1131 1196 quae
1179 1116 1349 1197 apud
1398 1114 1637 1176 ceteros
1685 1112 2023 1195 scriptores
2070 1115 2182 1177 aut
2226 1114 2416 1198 plane
2462 1115 2628 1180 desi-

246 1225 553 1286 derantur
596 1222 708 1284 aut
746 1239 1005 1302 perraro
1045 1214 1301 1282 tantum
1339 1216 1781 1281 inveniuntur.
1820 1217 2130 1282 Attamen
2153 1219 2262 1284 ille
2286 1241 2631 1286 consensus

244 1349 381 1391 non
444 1327 591 1391 talis
655 1328 781 1403 est,
847 1327 920 1388 ut
984 1327 1096 1388 aut
1151 1322 1477 1407 Ampelius
1522 1344 1555 1386 6
1598 1323 2145 1388 Pseudo-Victore
2193 1330 2306 1390 aut
2344 1327 2628 1393 Pseudo-

248 1432 477 1498 Victor
540 1455 617 1496 ex
678 1431 970 1515 Ampelio
1035 1453 1148 1494 sua
1187 1429 1620 1512 desumpsisse
1678 1430 2000 1513 putandus
2047 1431 2166 1508 sit,
2211 1432 2409 1496 immo
2455 1455 2626 1498 non-

248 1538 413 1602 nulli
483 1538 635 1622 loci,
711 1559 869 1621 quos
932 1520 1191 1600 afferam
1211 1582 1226 1612 ,
1294 1536 1634 1598 ostendent
1694 1557 1911 1601 eorum
1973 1537 2171 1601 libros
2220 1559 2253 1602 6
2303 1541 2628 1603 communi

246 1645 426 1709 fonte
476 1645 731 1708 fluxisse
752 1691 767 1719 ,
816 1647 987 1727 quod
1035 1664 1218 1726 saepe
1266 1663 1373 1718 66,
1422 1662 1585 1724 61166
1634 1642 1800 1725 apud
1849 1642 2118 1706 alterum
2167 1645 2627 1731 desiderantur,

238 1751 400 1816 alter
446 1750 717 1834 expleat.
769 1749 1067 1832 Longum
1115 1753 1210 1812 est
1256 1769 1625 1811 enumerare
1672 1749 1959 1833 singulos
1999 1750 2207 1828 locos,
2251 1752 2362 1835 qui
2385 1752 2630 1836 aliquid

238 1859 319 1921 ad
362 1861 646 1922 nostram
688 1855 1073 1921 sententiam
1112 1854 1509 1939 probandam
1546 1853 1771 1918 afferre
1807 1861 2090 1939 possunt.
2144 1855 2346 1932 Quam
2387 1859 2469 1922 ob
2493 1881 2628 1923 rem

240 1985 275 2026 e
316 1983 551 2047 magna
597 1962 780 2046 copia
826 1961 944 2025 1168
992 1963 1246 2024 tantum
1294 1980 1672 2044 proponam.

573 2071 760 2238 Atssp·
812 2069 937 2239 ᾖξ’
984 2069 1050 2238 ἓ·
1400 2070 1431 2258 }
1702 2127 1777 2191 de
1823 2127 1936 2192 vir.
1987 2128 2080 2194 ill.
2131 2130 2252 2208 43,
2305 2132 2382 2208 2,

332 2282 442 2365 qui
488 2281 610 2346 1661
654 2302 803 2366 pag.
854 2281 938 2344 41
990 2279 1291 2363 exscripti
1346 2281 1515 2344 sunt.

578 2385 769 2469 Amp.
824 2387 943 2464 18,
994 2390 1051 2450 8.
1712 2384 1788 2448 de
1836 2384 1953 2449 vir.
2003 2385 2094 2450 ill.
2145 2388 2266 2466 33,
2321 2389 2378 2452 7.

342 2490 587 2577 Curius,
616 2514 759 2557 cum
784 2492 852 2555 in
877 2491 1016 2556 foco
1040 2513 1227 2575 rapas
1251 2495 1387 2555 tor·
1571 2489 1832 2574 Legatis
1918 2490 2298 2557 Samnitium
2405 2517 2628 2560 aurum

244 2603 431 2676 reret,
459 2599 712 2683 (legatis
728 2597 1111 2663 Samnitium
1139 2607 1389 2676 aurum)
1486 2596 1894 2662 offerentibus
1910 2644 1925 2675 ‚
1983 2620 2126 2662 cum
2173 2599 2309 2683 ipse
2347 2600 2630 2685 (Curius)

241 2703 687 2770 offerentibus:
716 2703 911 2782 Malo,
935 2703 1170 2786 inquit,
1185 2702 1256 2766 111
1275 2701 1388 2766 fic·
1481 2703 1547 2766 in
1623 2703 1769 2785 foco
1831 2725 2017 2788 rapas
2087 2706 2356 2771 torreret
2376 2754 2391 2785 ‚
2438 2709 2629 2794 malo,

241 2810 460 2876 tilibus
504 2811 659 2876 meis
710 2811 897 2897 (6886)
937 2813 1003 2875 613
1026 2831 1249 2874 aurum
1273 2808 1390 2874 ha·
1482 2811 1697 2894 111611113
1715 2858 1730 2889 ,
1802 2811 1958 2875 11666
2005 2811 2084 2874 111·
2122 2812 2429 2878 fictilibus
2476 2815 2630 2880 meis

236 2917 535 2983 bentibus
573 2918 905 3003 imperare.
1475 2938 1608 2980 6886
1669 2920 1734 2980 613
1797 2919 2020 2981 aurum
2073 2917 2458 2984 habentibus
2502 2920 2626 2984 im-

1474 3043 1715 3107 perare.

572 3129 765 3300 ΑἜΡ·
812 3133 934 3302 ᾆξ’
987 3131 1093 3301 ξ
1397 3123 1436 3317 }
1703 3193 1780 3255 de
1827 3191 1946 3256 vir.
1995 3190 2087 3254 ill.
2138 3192 2264 3275 48,
2319 3195 2378 3270 1,

331 3343 439 3426 qui
490 3295 613 3408 loci
650 3363 799 3428 pag.
850 3285 935 3407 41⁹
986 3341 1286 3426 exscripti
1338 3343 1508 3408 sunt.
2060 3434 2067 3442 -

553 3448 745 3534 Amp.
801 3449 912 3531 18,
969 3450 1073 3515 18.
1707 3451 1784 3514 de
1830 3450 1946 3517 vir.
1994 3450 2088 3516 ill.
2142 3451 2262 3529 74,
2313 3452 2372 3515 7.

330 3554 657 3633 Ι11161111118,
687 3555 798 3640 6111
826 3553 1094 3619 Α816666
1123 3555 1385 3640 provin·
1569 3555 1877 3620 Lucullus
1897 3606 1912 3622 .
1930 3603 1977 3623 ..
1998 3556 2269 3620 maxime
2293 3557 2622 3640 signorum

240 3660 374 3724 6166
434 3660 655 3746 spoliis
717 3661 1025 3726 maximas
1088 3682 1240 3745 opes
1292 3663 1388 3724 est
1479 3660 1545 3722 et
1588 3638 1954 3724 tabularum
2001 3681 2214 3724 amore
2258 3661 2577 3746 flagravit.

246 3770 616 3832 consecutus
678 3770 742 3831 et
796 3767 1223 3832 aedificiorum
1280 3768 1383 3829 -ta-

118 3936 124 3940 .
242 3871 661 3957 1)11161·111116116
698 3872 1014 3957 pictarum
1054 3871 1385 3938 studiosis-

240 3977 439 4043 simus
485 3978 621 4044 fuit.

571 4083 761 4170 Amp.
816 4085 937 4163 19,
988 4087 1049 4152 3.
1703 4084 1780 4148 de
1829 4083 1945 4149 vir.
1991 4085 2086 4149 ill.
2135 4085 2243 4164 57,
2288 4088 2372 4162 1.,

330 4188 617 4256 Tiberius
662 4190 985 4258 Gracchus
1002 4238 1018 4270 ,
1042 4191 1153 4275 qui
1177 4189 1382 4275 Scipi·
1516 4189 1808 4255 Tiberius
1852 4190 2264 4276 Sempronius
2302 4191 2627 4258 Gracchus

238 4317 429 4360 oncm
468 4295 820 4362 Asiaticum
860 4297 1151 4382 quamvis
1172 4297 1386 4361 inimi-
1478 4295 1838 4381 Scipionem
1914 4296 2268 4362 Asiaticum
2336 4299 2625 4382 quamvis
2759 4344 2761 4346 -

240 4423 386 4466 cum
432 4402 697 4467 haberet
714 4451 729 4480 ‚
779 4424 913 4467 non
959 4406 1056 4468 6813
1092 4425 1311 4488 passus
1351 4426 1389 4466 6
1480 4402 1811 4466 inimicum
1860 4403 2006 4467 duci
2043 4403 2114 4466 111
2153 4424 2465 4468 carcerem
2492 4425 2625 4468 non

238 4508 518 4573 tribunis
554 4509 625 4572 in
664 4531 972 4574 carcerem
1014 4511 1175 4594 duci,
1219 4512 1391 4593 quod
1482 4511 1579 4575 est
1622 4530 1864 4592 passus.
