3184 5342
1635 401 1721 465 64

497 579 692 664 Apud
731 578 860 646 oio.
909 583 988 644 de
1034 544 1192 664 3013.
1239 579 1340 656 11,
1391 581 1515 656 20,
1545 580 1630 645 35
1684 581 1975 646 »cunetis
2027 582 2259 665 populi
2299 582 2615 667 suffragiis
2658 604 2768 647 rex
2795 587 2890 647 est

501 690 746 751 creatus
816 686 886 751 L.
958 684 1408 769 Tarquinius.”
1475 685 1652 749 Idem
1719 685 1903 749 Dion.
1966 685 2115 752 Hal.
2182 686 2277 751 III
2298 734 2314 765 ,
2372 688 2456 751 49
2503 688 2723 751 refert:
2778 698 2888 763 τῆς

499 792 834 869 βασιλείοις
903 792 1014 856 ὑπὸ
1065 792 1309 854 πάντων
1356 789 1524 865 ἄξιος
1581 792 1795 867 ἐκρίθη.
1846 791 2062 856 Livius
2109 792 2179 869 I,
2230 794 2350 869 35,
2401 794 2440 857 6
2490 798 2712 857 narrat
2758 794 2887 877 qui-

499 899 643 962 dem
711 897 1020 981 populum
1067 897 1428 961 Romanum
1469 896 1888 980 Tarquinium
1952 898 2205 981 ingenti
2251 920 2565 963 consensu
2616 919 2887 982 regnare

496 1004 748 1068 iussisse
795 1004 902 1067 sed
949 1025 1091 1067 eum
1139 1004 1607 1087 quodammodo
1655 1003 1870 1067 dolose
1920 1004 2122 1087 egisse
2169 1005 2318 1068 inde
2366 1006 2674 1089 sequitur,
2716 1008 2890 1089 quod

499 1111 667 1194 apud
728 1132 872 1174 eum
935 1109 1318 1192 Tarquinius
1367 1108 1684 1175 »comitiis
1730 1108 1992 1173 indictis
2042 1110 2159 1173 sub
2207 1114 2457 1193 tempus
2504 1110 2674 1175 Anci
2722 1111 2890 1175 filios

495 1220 797 1281 venatum
844 1214 1298 1299 ablegaverit.”
1348 1214 1541 1297 Apud
1587 1214 2191 1279 Pseudo-Victorem
2242 1220 2307 1280 et
2341 1219 2507 1300 apud
2549 1217 2802 1281 Livium
2828 1217 2884 1295 I,

500 1323 583 1394 36
605 1370 621 1400 ,
672 1323 710 1384 2
783 1342 913 1385 non
978 1322 1184 1385 tribus
1255 1322 1362 1385 sed
1411 1321 1736 1385 centuriae
1794 1324 2047 1392 tantum
2114 1322 2544 1406 duplicantur.
2613 1323 2738 1410 (Of.
2780 1345 2887 1389 su-

499 1450 616 1511 pra
660 1450 723 1510 p.
768 1427 902 1512 56).
2624 1473 2631 1478 -

586 1532 1034 1597 Lachmannus
1073 1532 1177 1616 (de
1215 1531 1380 1595 font.
1429 1531 1564 1595 Liv.
1617 1531 1667 1595 I.
1722 1533 1757 1616 ἓ
1810 1533 1922 1609 26)
1970 1537 2035 1596 et
2056 1532 2449 1599 Niebuhrius
2476 1533 2672 1611 (Hist.
2700 1534 2881 1598 Rom.

494 1638 546 1703 Ι.
575 1661 637 1722 p.
690 1639 848 1723 396)
896 1640 1335 1712 ostenderunt,
1385 1641 1558 1721 apud
1608 1639 1908 1722 antiquos
1956 1640 2111 1703 duas
2152 1641 2553 1705 narrationes
2576 1640 2889 1705 exstitisse

494 1745 572 1808 de
620 1743 800 1808 bellis
850 1765 887 1806 a
933 1729 1280 1825 Tarquinio
1330 1743 1526 1826 gestis
1551 1791 1566 1820 ,
1618 1744 1884 1807 alteram
1935 1766 2076 1808 eum
2126 1767 2270 1809 cum
2311 1745 2575 1822 Latinis,
2615 1745 2885 1822 Sabinis,

492 1850 726 1914 Priscis
773 1848 1017 1913 Latinis
1063 1868 1380 1931 pugnasse
1429 1850 1681 1912 tradere
1702 1896 1717 1925 ,
1746 1850 2008 1913 alteram
2033 1901 2049 1934 ,
2076 1873 2241 1935 quae
2266 1852 2631 1935 posterioris
2655 1850 2888 1915 aetatis

491 1956 609 2033 sit,
667 1956 851 2039 plura
898 1955 1066 2018 bella
1113 1975 1625 2018 commemorare.
1678 1956 2131 2041 Antiquiorem
2182 1958 2614 2022 narrationem
2663 1957 2880 2022 Livius

493 2065 558 2125 et
626 2059 1127 2125 Pseudo-Victor
1165 2063 1517 2143 sequuntur
1541 2107 1556 2136 ,
1607 2060 1917 2145 triumphi
1964 2066 2178 2125 tamen
2226 2063 2303 2125 de
2350 2062 2586 2126 Priscis
2635 2061 2882 2126 Latinis

438 2152 443 2157 ⁵
491 2166 732 2230 mentio
781 2168 952 2250 apud
997 2164 1246 2229 Livium
1293 2165 1706 2229 desideratur.

583 2273 774 2356 Apud
837 2270 1445 2335 Pseudo-Victorem
1511 2293 1623 2335 rex
1669 2292 1921 2334 murum
1972 2270 2293 2354 lapideum
2339 2271 2482 2335 urbi
2528 2273 2875 2336 circum-

375 2424 380 2429 ·
492 2378 759 2461 dedit,
825 2378 992 2461 apud
1053 2376 1302 2440 Livium
1364 2377 1431 2453 I,
1483 2379 1590 2453 38,
1642 2378 1681 2440 6
1729 2398 1910 2440 muro
1960 2377 2211 2460 lapideo
2260 2377 2482 2440 urbem
2528 2377 2880 2473 cingere

491 2488 755 2568 parat.
822 2482 914 2547 At
974 2482 1100 2546 hoc
1165 2482 1304 2546 loco
1352 2482 1860 2547 Pseudo-Victor
1882 2530 1898 2559 ,
1962 2483 2223 2566 cupiens
2269 2505 2463 2567 quam
2513 2483 2881 2547 brevissime

490 2612 590 2657 res
636 2590 882 2654 tradere
902 2636 916 2659 .
967 2608 1190 2671 parum
1239 2592 1532 2652 accurate
1571 2610 1645 2652 ea
1667 2636 1682 2665 ,
1724 2610 1885 2673 quae
1908 2589 2080 2653 facta
2104 2593 2254 2653 sunt
2273 2636 2288 2665 ,
2316 2610 2577 2652 narrare
2604 2591 2875 2653 videtur.

583 2694 675 2759 De
736 2693 1067 2777 Tarquinii
1127 2693 1245 2756 filii
1316 2694 1551 2757 virtute
1636 2700 1701 2758 et
1784 2695 1971 2759 donis
2057 2699 2307 2779 praeter
2378 2694 2871 2758 Pseudo-Victo-

483 2790 616 2865 rem
688 2800 857 2864 Plin.
921 2798 1074 2864 Nat.
1143 2798 1310 2862 Hist.
1384 2798 1709 2876 XXXIII,
1779 2802 1896 2876 10,
1944 2801 2118 2867 Serv.
2170 2804 2251 2865 ad
2299 2804 2459 2865 Aen.
2514 2800 2652 2876 IX,
2704 2800 2877 2876 590,

487 2907 659 2971 Plut.
724 2904 977 2981 Quaest.
1040 2904 1223 2969 Rom.
1298 2907 1419 2970 101
1442 2952 1458 2983 ,
1532 2905 1728 2970 Macr.
1780 2904 1911 2969 Sat.
1966 2906 2029 2989 I,
2084 2908 2123 2969 6
2172 2910 2460 2989 egerunt.
2512 2906 2879 2971 Macrobius

486 3013 682 3077 refert
725 3005 1057 3095 Tarquinii
1104 3011 1306 3074 filium
1347 3034 1386 3075 a
1433 3014 1617 3095 patre
1663 3015 1993 3095 praetexta
2037 3011 2339 3095 bullaque
2386 3012 2696 3075 donatum
2748 3032 2880 3075 esse

484 3123 746 3203 propter
807 3120 1106 3192 virtutem
1150 3119 1221 3182 in
1269 3118 1437 3181 bello
1486 3122 1712 3183 contra
1761 3116 2034 3182 Sabinos
2081 3122 2261 3201 gesto
2285 3165 2300 3194 ,
2348 3120 2574 3182 contra
2619 3118 2877 3181 Plutar-

487 3225 641 3289 chus
704 3225 824 3289 hoc
887 3227 956 3290 in
1019 3246 1239 3310 pugna
1300 3246 1441 3289 cum
1506 3224 1754 3289 Latinis
1816 3227 1883 3288 et
1948 3222 2205 3288 Sabinis
2252 3223 2589 3287 commissa
2634 3222 2877 3287 factum

490 3353 622 3395 esse
670 3332 884 3396 tradit.

576 3544 784 3630 Caput
847 3546 993 3613 VII.
1068 3545 1521 3610 Difficillimum
1583 3548 1682 3610 est
1723 3546 2053 3608 ostendere
2073 3590 2088 3620 ,
2138 3545 2369 3628 quibus
2416 3543 2707 3608 fontibus
2752 3544 2875 3608 hoc

486 3651 694 3734 capite
752 3651 1264 3716 Pseudo-Victor
1325 3672 1476 3714 usus
1541 3650 1646 3713 sit.
1712 3648 2001 3712 Primum
2065 3648 2137 3710 in
2199 3649 2320 3712 hac
2384 3648 2516 3712 vita
2564 3651 2875 3715 nonnulla

485 3760 671 3833 sunt,
736 3779 896 3840 quae
956 3758 1125 3842 apud
1184 3757 1427 3821 nullum
1477 3755 1674 3818 alium
1714 3755 2085 3839 scriptorem
2129 3753 2580 3818 inveniuntur:
2624 3760 2875 3839 praeter

483 3864 1088 3929 Pseudo-Victorem
1130 3884 1314 3927 nemo
1362 3862 1633 3945 scriptor
1681 3860 1897 3936 tradit,
1949 3883 1987 3923 a
2032 3858 2249 3925 Servio
2295 3858 2505 3923 Tullio
2548 3882 2874 3925 mensuras

483 3972 550 4033 et
615 3972 901 4053 pondera
967 3971 1266 4034 instituta
1314 3991 1482 4045 esse;
1532 3990 1696 4033 unus
1743 3966 2255 4030 Pseudo-Victor
2303 3968 2525 4028 narrat
2572 3964 2870 4031 Latinum

485 4097 618 4139 non
679 4075 986 4141 Sabinum
1056 4076 1283 4139 bovem
1345 4076 1416 4139 in
1474 4074 1863 4139 Aventinum
1928 4071 2150 4155 egisse.
2214 4070 2500 4135 Servium
2550 4092 2871 4136 annonam

483 4181 660 4264 plebi
720 4180 1114 4245 distribuisse
1175 4180 1294 4245 soli
1354 4178 1874 4244 Pseudo-Victor
1920 4183 1985 4242 et
2033 4178 2272 4243 Obron.
2322 4178 2540 4241 Anon.
2590 4177 2868 4243 Vindob.

481 4287 579 4352 ed.
641 4287 930 4351 Momms.
997 4310 1061 4371 p.
1129 4286 1257 4350 645
1321 4288 1838 4349 commemorant.
1904 4283 2149 4348 Deinde
2221 4282 2551 4347 nonnullis
2619 4284 2773 4348 locis
2833 4306 2871 4347 a

481 4392 648 4457 Livii
708 4394 1075 4460 narratione
1135 4390 1644 4456 Pseudo-Victor
1706 4390 2039 4475 discrepat.
2110 4390 2332 4455 Livius
2390 4392 2457 4468 Ι,
2531 4390 2615 4453 42
2638 4436 2653 4466 ,
2704 4390 2741 4451 2
2793 4390 2869 4453 de
2942 4478 2944 4481 Α

486 4521 615 4563 uno
663 4503 918 4563 tantum
967 4498 1134 4564 bello
1183 4519 1326 4561 cum
1365 4479 1663 4561 ‘Etruscis
1688 4496 2077 4563 mentionem
2106 4494 2295 4573 facit;
2335 4498 2561 4560 contra
2598 4495 2867 4559 Pseudo-
