3184 5342
1727 387 1812 452 60

568 574 704 634 tero
767 569 904 634 loco
951 570 1209 635 Tullum
1259 569 1606 634 Hostilium
1656 592 1797 634 cum
1851 593 1969 636 avo
2017 571 2222 636 Hosto
2271 571 2550 636 Hostilio
2596 572 2959 638 confundit.

569 675 807 739 Narrat
868 676 1037 739 enim
1094 676 1329 740 idcirco
1391 676 1651 740 Tullum
1714 697 1927 760 regem
1991 681 2269 741 creatum
2328 699 2462 741 esse
2507 681 2679 763 quod
2726 679 2968 743 bonam

566 801 822 863 operam
889 784 1189 845 adversus
1254 781 1525 847 Sabinos
1580 785 1878 846 navasset
1904 782 1976 867 ¹).
2047 783 2138 848 At
2207 783 2345 846 fieri
2415 805 2548 847 non
2595 787 2845 867 potest,
2897 789 2970 848 ut

566 885 790 950 Tullus
851 885 1166 951 Hostilius
1236 891 1459 951 contra
1528 887 1800 952 Sabinos
1865 888 2284 972 pugnaverit3
2337 911 2486 952 nam
2547 889 2782 953 bellum
2847 893 2966 954 ad-

570 1013 787 1056 versus
839 991 1109 1057 Sabinos
1165 993 1355 1058 initio
1416 994 1602 1077 regni
1650 993 1907 1058 Romuli
1967 998 2216 1077 gestum
2265 997 2364 1058 est
2412 994 2740 1079 [Virgines
2787 995 2961 1060 Sabi-

565 1118 686 1160 nae
731 1100 952 1180 raptae
1000 1102 1152 1162 sunt
1199 1101 1313 1162 aut
1360 1099 1636 1178 τετάρτῳ
1675 1101 1819 1174 μηνὶ
1857 1100 2026 1174 μετὰ
2069 1101 2179 1174 τὴν
2215 1101 2411 1164 κτίσιν
2456 1097 2579 1184 (Cf.
2606 1099 2762 1166 Fab.
2793 1103 2964 1184 apud

567 1201 737 1265 Plut.
809 1202 995 1266 Rom.
1075 1205 1183 1290 14)
1254 1207 1369 1268 aut
1438 1208 1606 1269 κατὰ
1669 1207 1770 1268 τὸν
1821 1207 2114 1282 τέταρτον
2164 1206 2436 1270 ἐνιαυτὸν
2484 1215 2596 1280 τῆς
2647 1208 2965 1283 Ῥωμύλου

472 1359 477 1364 .
570 1311 791 1386 ἀρχῆς.
836 1307 957 1392 (Of.
1001 1309 1243 1374 Gellius
1284 1311 1453 1394 apud
1495 1310 1686 1374 Dion.
1736 1310 1885 1376 Hal.
1934 1311 2024 1388 II,
2074 1312 2239 1396 31)].
2279 1311 2589 1376 Romulus
2636 1311 2966 1377 XXXVII

570 1435 772 1478 annos
841 1416 1173 1497 regnavit,
1244 1415 1492 1480 Numae
1552 1437 1822 1500 regnum
1861 1416 2080 1482 XLIII
2108 1464 2123 1494 ‚
2171 1417 2343 1481 Tulli
2390 1417 2650 1482 Hostilii
2697 1418 2962 1482 XXXII

570 1541 886 1583 annorum
932 1519 1085 1583 fuit:
1135 1521 1348 1604 itaque
1394 1522 1447 1584 si
1494 1521 1720 1586 Tullus
1781 1522 2094 1586 Hostilius
2157 1545 2302 1587 cum
2365 1522 2616 1588 Sabinis
2677 1545 2957 1608 pugnas-

572 1629 690 1701 set,
731 1625 931 1689 maior
976 1647 1183 1689 annos
1224 1624 1407 1692 CXII
1454 1630 1642 1691 natus
1667 1632 1955 1692 mortuus
1980 1631 2173 1710 esset,
2224 1631 2394 1714 quod
2441 1629 2611 1694 credi
2655 1650 2787 1693 non
2834 1651 2956 1714 po-

570 1733 697 1794 test
785 1732 1046 1795 Praeter
1102 1731 1710 1823 Pseudo-Victorem
1773 1735 1988 1799 nullus
2052 1736 2324 1819 scriptor
2369 1736 2639 1799 eundem
2681 1758 2960 1801 errorem

572 1836 907 1900 commisit.

662 1942 741 2007 In
804 1942 1031 2025 capitis
1096 1943 1225 2006 fine
1288 1942 1802 2009 Pseudo-Victor
1863 1950 2086 2010 narrat
2157 1947 2430 2011 Metium
2478 1939 2796 2011 Fufetium
2842 1970 2964 2032 po-

572 2049 789 2111 stridie
856 2069 1046 2130 quam
1119 2070 1261 2112 cum
1335 2048 1750 2114 Fidenatibus
1813 2054 1879 2140 et
1941 2052 2315 2117 Veientibus
2378 2057 2736 2136 pugnatum
2799 2060 2963 2118 esset

573 2153 701 2215 »ad
761 2154 1205 2235 gratulandum
1274 2155 1487 2219 Tullio
1525 2157 1771 2220 venisse
1817 2160 1884 2220 et
1926 2159 1997 2221 in
2044 2158 2290 2222 diversa
2337 2159 2712 2223 distractum
2759 2161 2956 2242 esse”,·

575 2264 801 2324 contra
860 2261 1079 2325 Livius
1116 2283 1258 2326 eum
1304 2262 1444 2346 ipso
1492 2283 1748 2345 pugnae
1795 2263 1895 2327 die
1942 2263 2367 2348 gratulatum,
2421 2269 2677 2348 postero
2715 2265 2807 2328 die
2849 2264 2944 2326 di-

572 2371 880 2431 stractum
930 2389 1062 2431 esse
1091 2367 1299 2431 refert.
1348 2367 1441 2430 At
1486 2369 1893 2433 manifestum
1936 2374 2032 2433 est
2069 2370 2303 2434 idcirco
2351 2371 2954 2436 Pseudo—Victorem

574 2472 694 2537 hoc
761 2474 899 2537 loco
964 2495 1002 2536 a
1066 2472 1247 2537 Livio
1306 2474 1660 2557 discrepare
1716 2475 1886 2559 quod
1948 2474 2057 2538 ille
2113 2498 2304 2559 quam
2368 2475 2730 2540 brevissime
2776 2474 2958 2538 Metii

570 2578 805 2643 Fufetii
844 2600 1057 2643 casum
1107 2600 1597 2644 commemorare
1643 2579 1956 2644 studuerit
1979 2580 2053 2666 ²).

540 2908 545 2912 -
646 2876 701 2942 1)
739 2873 982 2928 Forsitan
1033 2873 1131 2929 hoc
1176 2891 1355 2932 errore
1402 2872 1824 2930 Pseudo-Victor
1873 2874 2217 2930 absolvendus
2253 2873 2337 2927 sit.
2374 2873 2533 2944 Apud
2581 2889 2702 2924 eum
2731 2869 2929 2942 legitur

572 2960 793 3028 „Tullus
828 2959 1105 3028 Hostilius,
1143 2960 1263 3030 quia
1301 2961 1485 3015 bonam
1525 2978 1735 3032 operam
1771 2960 2020 3017 adversus
2055 2960 2271 3015 Sabinos
2301 2961 2609 3024 navaverat,
2636 2975 2732 3011 rex
2750 2960 2964 3012 creatus

573 3047 707 3102 cet.’'
764 3046 1067 3119 Saepissime
1114 3046 1533 3102 Pseudo-Victor
1578 3046 1636 3100 in
1677 3047 1789 3119 ipso
1838 3047 2060 3102 vitarum
2111 3045 2260 3100 initio
2309 3044 2409 3115 (Cf.
2447 3044 2754 3098 Enmannus
2791 3041 2867 3097 l.l.
2904 3062 2957 3114 p.

571 3135 699 3203 463)
745 3134 857 3205 agit
903 3133 968 3187 de
1002 3133 1230 3188 virorum
1265 3132 1543 3187 illustrium
1588 3151 1780 3204 genere
1816 3133 1972 3203 idque
2008 3134 2064 3187 in
2102 3136 2396 3187 ceterorum
2438 3149 2620 3202 regum
2656 3127 2778 3183 vitis
2813 3128 2957 3182 facit.

574 3221 823 3274 Fortasse
872 3219 1178 3290 legendum:
1239 3219 1456 3284 „Tullus
1505 3219 1792 3285 Hostilium
1843 3239 2048 3293 nepos
2098 3218 2424 3285 Hostilii,
2476 3217 2587 3287 qui
2625 3215 2701 3286 (in
2736 3215 2959 3270 duobus..

573 3305 689 3361 cod.
737 3306 921 3359 Arntz.
971 3324 1066 3378 pro
1114 3306 1259 3376 quia)
1308 3306 1503 3361 bonam
1539 3325 1750 3378 operam
1789 3305 2038 3362 adversus
2074 3306 2294 3361 Sabinos
2329 3303 2619 3360 navavit.
2666 3303 2766 3372 (Gt.
2811 3303 2873 3368 6,
2907 3302 2956 3353 1.

572 3393 769 3448 Lucius
814 3392 1125 3462 Tarquinius
1171 3392 1381 3447 Priscus
1431 3393 1702 3447 Damarati
1757 3392 2021 3447 Corinthii
2064 3392 2198 3447 filius
2235 3393 2344 3446 eius
2357 3435 2374 3459 ‚
2409 3391 2502 3461 qui
2537 3388 2746 3461 Cypseli
2781 3391 2961 3459 tyran-

572 3479 748 3534 nidem
794 3478 997 3550 fugiens
1045 3478 1099 3532 in
1147 3479 1411 3532 Etruriam
1464 3478 1953 3550 commigravit.
2009 3479 2105 3544 51,
2155 3481 2206 3532 1.
2264 3478 2328 3545 Q.
2377 3476 2663 3542 Flaminius
2715 3472 2960 3528 Flaminii

504 3618 508 3622 .
574 3567 664 3636 qui
712 3566 852 3637 apud
901 3565 1262 3618 Trasimenum
1312 3563 1525 3636 periit
1570 3565 1720 3620 filius
1759 3568 1857 3630 56,
1899 3566 1948 3618 1.
1988 3563 2245 3617 Aemilius
2281 3562 2496 3616 Paullus
2528 3561 2664 3615 filius
2698 3559 2832 3625 eiua,
2869 3558 2961 3627 qui

574 3651 713 3724 apud
751 3652 984 3705 Cannam
1034 3650 1325 3720 cecidit.)
1400 3651 1602 3705 Eodem
1651 3651 1762 3706 fere
1798 3650 1955 3705 modo
1991 3649 2181 3704 Livius
2218 3648 2275 3715 Ι,
2315 3649 2410 3714 22,
2447 3650 2478 3699 1
2517 3663 2727 3716 quoque
2759 3645 2858 3698 hac
2892 3643 2959 3697 de

573 3757 630 3791 re
686 3738 818 3808 egit:
880 3737 1050 3803 „Inde
1099 3736 1307 3791 Tullum
1357 3736 1652 3791 Hostilium
1669 3780 1686 3803 ‚
1731 3740 1975 3808 nepotem
2021 3734 2271 3801 Hostilii,
2321 3733 2466 3788 cuius
2515 3732 2569 3786 in
2617 3731 2795 3786 infima
2841 3747 2959 3784 arce

574 3825 713 3880 clara
749 3843 924 3895 pugna
958 3824 1218 3888 adversus,
1254 3823 1474 3878 Sabinos
1509 3823 1710 3890 fuerat,
1749 3841 1926 3894 regem
1963 3821 2186 3895 populus
2221 3818 2426 3874 iussit.'’

648 3915 702 3981 2)
740 3911 1139 3965 Rosenhauerus
1189 3910 1257 3963 l.l.
1313 3929 1363 3981 p.
1408 3911 1475 3963 36
1513 3909 1650 3977 hanc
1689 3909 2090 3981 discrepantiam
2130 3907 2307 3978 magni
2345 3904 2594 3958 momenti
2632 3921 2742 3957 esse
2778 3905 2958 3973 putat,

574 3997 719 4069 quod
765 3995 1181 4051 Pseudo-Victor
1229 3995 1328 4050 hac
1381 3995 1447 4048 de
1489 4013 1547 4049 re
1597 3996 1736 4050 idem
1787 3995 1994 4063 tradat,
2044 3993 2185 4065 quod
2220 3993 2378 4047 Dion.
2415 3991 2537 4045 Hal.
2577 3991 2683 4057 111,
2721 3993 2789 4046 2¹7
2827 3995 2958 4061 (πρὶν

574 4089 755 4151 ἡμέραν
804 4090 1036 4149 λαμπρὰν
1088 4087 1317 4150 γενέσθαι
1352 4117 1417 4124 -—
1454 4089 1571 4149 μετ’
1623 4087 1678 4136 οὗ
1728 4090 1857 4137 πολὺ
1912 4091 2066 4149 παρῆν
2117 4088 2143 4136 ὁ
2194 4081 2476 4148 Ἀλβανός).
2534 4077 2704 4144 Quam
2740 4077 2808 4134 ob
2847 4097 2956 4132 rem

573 4171 773 4225 iudicat
823 4187 930 4223 non
978 4169 1141 4240 ipsum
1183 4168 1387 4223 Livium
1437 4168 1527 4224 sed
1574 4168 1714 4223 Livii
1750 4168 1948 4224 fontem
1987 4172 2298 4239 usurpatum
2335 4184 2462 4220 esse.
2517 4163 2622 4218 Sed
2659 4163 2705 4218 si
2741 4182 2798 4218 re
2834 4182 2959 4219 vera

576 4255 993 4310 Pseudo—Victor
1046 4273 1110 4308 ex
1165 4255 1347 4309 eodem
1412 4258 1628 4309 auctore
1683 4254 1938 4326 penderet
1992 4273 2020 4307 e
2059 4272 2162 4322 quo
2199 4251 2509 4323 Dionysius,
2562 4250 2702 4304 Livii
2753 4249 2872 4304 fons
2925 4269 2958 4304 a

577 4340 1025 4396 Pseudo-Victore
1061 4345 1337 4412 usurpatus
1374 4359 1483 4395 esse
1519 4359 1626 4394 non
1661 4341 1865 4412 potuit,
1903 4337 2045 4408 quod
2081 4337 2396 4409 Dionysius,
2433 4337 2524 4392 ubi
2560 4337 2626 4390 de
2661 4336 2725 4390 iis
2772 4335 2956 4402 rebus»,

572 4446 707 4498 quae
752 4431 875 4499 post
922 4445 1151 4498 pugnam
1202 4446 1321 4481 cum
1356 4427 1704 4482 Fidenatibus
1743 4428 1862 4480 acta
1898 4427 2050 4491 sunt,
2085 4421 2227 4494 agit,
2263 4423 2422 4477 alium
2463 4425 2730 4477 auctorem
2767 4439 2828 4475 ac
2865 4419 2956 4475 Li-

575 4514 688 4569 vius
724 4512 1023 4568 adhibuisse
1058 4511 1281 4567 videtur.
