3184 5342
1657 379 1784 445 102

1620 688 1819 763 XIV.

621 976 819 1071 Ap-ud
881 977 1054 1044 Flor.
1102 980 1134 1044 I
1157 1029 1172 1056 ‚
1222 981 1262 1045 6
1287 1029 1301 1058 ‚
1331 982 1394 1045 -9
1442 981 1677 1045 verba:
1728 980 1977 1067 »spolia
2023 983 2101 1047 de
2145 982 2337 1047 Larte
2381 982 2725 1047 Tolumnio
2771 1004 2936 1068 rege

533 1087 615 1148 ad
663 1084 1016 1150 Feretrium
1063 1088 1392 1172 iariumpho
1441 1088 1811 1171 reportata”
1858 1093 2006 1173 post
2051 1093 2203 1153 »sed
2252 1089 2511 1153 habitus
2557 1088 2665 1153 ille
2703 1088 2937 1153 feralis

538 1191 880 1255 eversionis
927 1213 1115 1296 or'nen
1163 1193 1329 1257 fuiff’
1382 1193 1717 1258 scribenda
1764 1198 1934 1261 sunt.
1983 1192 2108 1279 (Cf.
2160 1196 2306 1261 diss.
2357 1218 2418 1279 p.
2472 1196 2579 1261 83.
2629 1196 2775 1259 adn.
2842 1198 2956 1281 1).·

1606 1502 1765 1576 XV.

623 1788 820 1873 Verg.
871 1788 1024 1855 Geo,
1077 1789 1193 1867 IV,
1248 1790 1414 1873 125,
1465 1814 1603 1877 sqq.

808 1895 1102 1979 Namque
1150 1897 1268 1961 sub
1318 1895 1617 1961 Oebaliae
1664 1899 1924 1963 memini
1969 1918 2069 1964 me
2114 1901 2395 1966 turribus
2442 1901 2589 1966 altis
2607 1950 2623 1981 ,

807 2000 949 2075 Qua
996 2002 1080 2065 n'i
1097 2022 1142 2085 g
1159 2024 1192 2066 e
1211 2024 1246 2065 r
1290 2024 1393 2067 um
1401 2006 1572 2067 octab
1616 2003 1917 2070 flaventia
1960 2006 2133 2071 culta
2180 2006 2486 2072 Galaesus
2504 2056 2519 2086 ‚

809 2104 1142 2190 Corycium
1193 2108 1423 2173 vidisse
1470 2130 1702 2173 senem.

628 2213 755 2276 Pro
803 2212 1050 2297 niger
1095 2214 1411 2279 soribaizur
1456 2215 1716 2299 piger.

1623 2525 1817 2615 XVI.

629 2816 822 2899 Verg.
877 2815 1035 2878 Aen.
1084 2814 1188 2890 ΙΙ,
1238 2816 1404 2891 496,
1453 2838 1588 2899 sqq.

809 2922 960 2987 Non
1008 2921 1162 2999 sie,
1215 2922 1556 3007 aggeribus
1603 2925 1808 3009 ruptis
1855 2946 1999 2990 eum
2046 2944 2341 3009 spumeus
2388 2922 2595 2987 amnis

810 3028 968 3093 Exiiz
1014 3028 1461 3112 oppositasque
1511 3030 1701 3094 evicit
1747 3032 2004 3115 gurgite
2050 3030 2245 3095 moles
2266 3078 2283 3108 ‚

808 3134 1040 3199 Fertur
1083 3134 1153 3199 in
1203 3157 1356 3199 arva
1401 3134 1623 3200 furens
1671 3136 1923 3200 cumulo
1973 3158 2352 3221 camposque
2399 3157 2511 3219 per
2554 3135 2764 3199 omnis

809 3239 969 3306 Cum
1020 3240 1286 3305 stabulis
1333 3245 1627 3305 armenta
1671 3241 1889 3306 izrahiss.

629 3348 753 3412 Pro
803 3348 922 3412 sie
969 3347 1309 3431 legendum
1359 3350 1453 3410 est
1500 3370 1758 3413 secus,

1615 3658 1851 3731 XVII.

631 3952 822 4035 Prop.
871 3950 1008 4028 ΙΙΙ,
1063 3949 1143 4014 17
1193 3949 1318 4035 (ΙΙ,
1370 3950 1514 4033 23),
1572 3950 1689 4034 21,
1741 3972 1879 4033 sqq.

901 4057 989 4122 Et
1034 4079 1192 4141 quas
1237 4056 1597 4140 Euphrates
1647 4061 1709 4121 et
1754 4078 1913 4139 quas
1958 4056 2116 4119 mihi
2163 4055 2339 4119 misit
2390 4054 2663 4119 Oronizes

991 4162 1097 4226 Me
1146 4162 1436 4246 capiant:
1495 4162 1696 4225 nolim
1746 4161 1917 4226 furta
1963 4162 2194 4245 pudiea
2238 4162 2383 4228 tori.

903 4269 1192 4333 Libertas
1238 4269 1623 4351 quoniam
1676 4268 1837 4332 nulli
1884 4269 2010 4331 iam
2058 4271 2257 4331 restat
2302 4268 2585 4343 amanti.

991 4375 1300 4443 Nullus
1348 4374 1509 4439 liber
1558 4376 1717 4450 erit,
1767 4376 1818 4439 si
1868 4375 2009 4459 quis
2056 4397 2270 4438 amare
2316 4373 2506 4437 volet.

594 4484 754 4549 'Pro
803 4483 1196 4566 quonia'm
1243 4480 1385 4565 lege
1431 4485 1813 4564 nuptam,
1864 4502 1979 4565 pro
2028 4479 2319 4544 nullus
2367 4480 2589 4543 illas,
