3184 5342
1754 424 1837 512 50

593 610 733 684 tur,
798 606 1127 670 consulatu
1191 626 1256 669 se
1313 604 1633 669 abdicavit
1678 606 1743 667 et
1833 606 1996 667 trem
2045 602 2249 669 Deum
2290 604 2569 688 hospitio
2612 604 2867 687 recepit.
2920 603 2982 667 Is

593 711 851 776 domitis
889 711 1202 775 Dalmatis
1239 710 1526 774 oblatum
1564 733 1603 773 a
1640 731 1738 773 se·
1798 703 1976 773 'cum
2002 710 2337 774 adversum
2358 710 2636 794 auspicia
2661 708 2981 775 consulem

591 820 750 881 natu
788 816 1186 900 triumphum
1223 816 1584 900 repudiavit
1607 818 1737 879 sta-
1830 837 1895 879 se
1942 838 1980 879 a
2028 815 2314 880 Graccho
2365 816 2764 880 nominatum
2812 836 2983 879 com-

593 927 860 1007 tuasque
881 970 896 1000 ,
958 945 1114 1007 quas
1179 923 1296 987 sibi
1358 922 1627 1006 quisque
1672 922 1741 986 in
1834 921 2132 1005 perisset,
2192 922 2569 1006 magistratu
2614 944 2679 985 se
2726 922 2982 985 abdica-

593 1030 851 1113 pub'lico
889 1030 1220 1112 posuerat,
1244 1029 1314 1092 in
1341 1050 1607 1093 censura
1633 1050 1745 1091 sua
1835 1028 1947 1092 vit.
2015 1026 2254 1092 Censor
2317 1031 2595 1105 statuae,
2658 1050 2815 1111 quas
2866 1028 2985 1092 sibi

593 1135 869 1200 sustulit.
897 1134 1161 1199 Censuit
1188 1134 1257 1198 in
1282 1135 1508 1198 senatu
1525 1136 1743 1221 tamen
1834 1134 2099 1221 quisque
2142 1156 2253 1217 per
2294 1134 2707 1197 ambitionem
2752 1134 2821 1197 in
2846 1134 2984 1197 foro

596 1240 1049 1325 Carthaginem
1069 1263 1203 1305 non
1236 1252 1368 1305 esse
1391 1240 1745 1317 delendam,
1839 1241 2155 1322 ponebat,
2222 1240 2499 1304 sustulit.
2560 1238 2800 1306 Consul
2838 1238 2987 1304 Del-

596 1350 930 1431 propterea
974 1346 1253 1430 optimus
1299 1344 1633 1410 iudicatuS.
1838 1346 2103 1409 minium
2124 1394 2139 1422 ,
2240 1346 2458 1410 urbem
2547 1344 2987 1409 Dalmatarum

918 1449 1015 1517 Cf.
1065 1451 1256 1535 Amp.
1317 1451 1422 1517 24.
1837 1452 2248 1535 expugnavit.
2300 1451 2719 1535 Imperatoris⁴
2755 1474 2989 1515 nomen

686 1555 896 1641 Scipio
960 1556 1227 1634 Nasica,
1275 1558 1386 1641 qui
1434 1579 1471 1619 a
1515 1560 1744 1620 senatu
1836 1579 1873 1619 a
1898 1557 2206 1622 militibus
2247 1562 2310 1621 et
2358 1558 2438 1621 ab
2486 1560 2711 1622 senatu
2758 1557 2988 1621 trium-

601 1664 697 1727 vir
743 1663 1022 1747 optimus
1070 1666 1166 1727 est
1211 1664 1549 1728 iudicatus,
1844 1662 2041 1746 phum
2087 1663 2372 1727 oblatum
2418 1664 2750 1729 recusavit.

689 1768 932 1833 Notum
995 1772 1092 1833 est
1135 1768 1406 1831 Matrem
1454 1768 1657 1832 Deum
1710 1791 1747 1832 a
1794 1768 2091 1853 Scipione
2140 1772 2357 1853 patre,
2408 1770 2518 1853 qui
2565 1770 2662 1833 vir
2710 1769 2991 1853 optimus

598 1874 838 1939 Romae
888 1897 926 1937 a
966 1879 1188 1939 senatu
1234 1874 1550 1938 iudicatus
1593 1874 1715 1952 sit,
1740 1874 2018 1959 hospitio
2044 1880 2367 1959 exceptam
2394 1898 2526 1940 esse
2550 1876 2712 1961 (Liv.
2742 1874 2987 1957 XXIX,

605 1981 709 2057 14,
759 1979 879 2043 Dio
926 1978 1097 2045 Casa
1148 1980 1225 2043 fr.
1281 1980 1401 2057 57,
1454 1981 1603 2063 61),
1652 1980 1913 2065 reliqua,
1964 2004 2125 2065 quae
2173 1983 2338 2064 apud
2381 1982 2991 2046 Pseudo-Victorem

601 2088 667 2149 et
713 2086 1076 2169 Ampelium
1121 2087 1458 2169 leguntur,
1509 2088 1589 2148 ad
1638 2085 1997 2169 Scipionem
2045 2085 2344 2150 Nasicam
2394 2086 2598 2150 filium
2643 2088 2991 2171 pertinent.

692 2191 1198 2256 Pseudo-Victor
1243 2191 1323 2255 51
1351 2238 1366 2268 ,
1420 2193 1453 2255 1
1505 2192 1675 2256 inter
1722 2214 1788 2256 se
1836 2192 2173 2257 confundit
2217 2191 2605 2256 Flaminium
2651 2196 2715 2262 et
2752 2192 2994 2257 Flami-

604 2298 849 2363 ninum.
914 2297 1154 2362 Narrat
1221 2298 1392 2361 enim
1460 2320 1497 2360 a
1543 2296 1781 2372 Quinto
1831 2298 2187 2375 Flaminio,
2238 2297 2618 2376 »Flaminii‚
2668 2301 2779 2384 qui
2826 2299 2993 2382 apud

601 2404 1042 2468 Trasimenum
1089 2404 1281 2486 periit
1300 2450 1315 2479 ,
1364 2402 1541 2471 filio‘'
1592 2402 1962 2487 Philippum
1984 2451 1999 2481 ,
2052 2424 2263 2487 regem
2308 2404 2727 2469 Macedonum
2757 2406 2997 2469 victum

605 2531 753 2573 esse.
807 2509 980 2573 Idem
1027 2509 1179 2573 fecit
1227 2509 1549 2591 Ampelius
1603 2510 1723 2585 16,
1768 2512 1828 2573 3.
1879 2511 1987 2573 44.
2038 2510 2161 2587 47,
2218 2511 2249 2572 1
2276 2558 2291 2586 ,
2333 2511 2442 2573 ubi
2466 2511 2699 2573 iniuria
2724 2510 2997 2573 Woelff-

603 2616 773 2680 linus
819 2615 1051 2681 codicis
1095 2615 1428 2681 lectionem
1479 2614 1927 2700 (Flamminius
1972 2620 2036 2679 et
2075 2615 2453 2698 Flaminius)
2516 2614 2803 2677 mutavit.

696 2722 872 2796 Quae
931 2721 1032 2785 his
1092 2722 1247 2785 locis
1311 2726 1654 2785 narrantur
1701 2725 1812 2785 aut
1860 2722 2027 2805 apud
2076 2720 2326 2785 nullum
2374 2719 2570 2782 alium
2619 2716 2997 2800 scriptorem

607 2832 720 2892 aut
767 2848 1018 2911 perraro
1065 2830 1315 2891 tantum
1363 2826 1795 2891 inveniuntur.

916 2932 1108 3017 Amp.
1165 2935 1284 3010 18,
1329 2934 1433 2999 10.
2082 2934 2161 2994 de
2197 2930 2313 2994 vir.
2354 2929 2447 2995 ill.
2501 2928 2609 3005 45,
2655 2928 2773 3013 3.¹)

701 3038 1038 3103 Marcellus
1065 3090 1078 3104 .
1109 3090 1124 3105 .
1174 3039 1386 3103 docuit
1431 3040 1499 3102 in
1547 3039 1751 3117 bello,
1936 3036 2291 3102 Marcellus.
2313 3084 2327 3098 .
2346 3036 2594 3120 primus.
2610 3034 2825 3098 docuit
2841 3055 3004 3117 quo-

608 3148 926 3228 quomodo
972 3145 1213 3229 equites
1262 3145 1398 3209 sine
1433 3144 1601 3229 'fuga
1656 3167 1757 3209 ce·
1852 3145 2043 3207 modo
2087 3142 2320 3206 milites
2362 3144 2663 3205 cederent
2687 3160 2805 3203 nec
2825 3143 3009 3223 terga

613 3252 854 3313 derent.
1527 3286 1531 3289 -
1663 3273 1667 3278 ·
1853 3248 2249 3332 praeberent.

703 3355 779 3420 Id
827 3354 907 3417 ab
955 3355 1246 3438 Ampelio
1293 3358 1357 3419 et
1403 3354 1951 3420 Pseudo-Victore
1997 3357 2255 3417 tantum
2307 3334 2651 3418 narratur..

703 3460 952 3525 Mucius
1016 3460 1317 3525 Scaevola
1381 3459 1701 3525 Cordus
1764 3459 2124 3543 appellatur
2180 3459 2261 3523 ab
2318 3458 2613 3542 Ampelio
2667 3459 2788 3534 20,
2842 3458 2917 3534 3,
2969 3479 3007 3519 a

615 3566 1159 3631 Pseudo—Victore
1230 3568 1347 3649 12,
1419 3568 1492 3644 1,
1549 3590 1587 3629 a
1635 3566 1827 3631 Dion.
1879 3564 2026 3630 Hal.
2078 3564 2167 3640 V,
2223 3565 2346 3641 25,
2398 3588 2435 3628 a
2482 3564 2636 3629 Zon.
2690 3564 2847 3640 VII,
2904 3564 3005 3628 12.

616 3696 677 3757 p.
751 3673 902 3739 335.
970 3674 1042 3750 O,
1106 3674 1174 3736 in
1239 3663 1437 3738 schol.
1503 3673 1663 3738 Bob.
1735 3676 1814 3736 ad
1862 3671 1993 3737 Cic.
2047 3670 2154 3734 Or.
2212 3692 2329 3754 pro
2380 3670 2541 3737 Sest.
2593 3672 2716 3748 21,
2768 3671 2891 3746 48,
2939 3670 3008 3731 in

617 3778 830 3844 Schol.
881 3782 962 3843 ad
1010 3779 1178 3844 Flor.
1229 3783 1296 3858 I,
1346 3781 1428 3844 10
1477 3780 1711 3859 (Jahns
1760 3778 2021 3844 Archiv.
2071 3776 2251 3842 XVI.
2284 3800 2345 3861 p.
2376 3778 2511 3863 99).
2562 3776 2741 3841 Infra
2764 3775 3006 3840 videbi-

618 3906 760 3948 mus
809 3884 1012 3949 multa
1059 3884 1299 3949 scholia
1346 3909 1380 3950 e
1419 3884 1965 3951 Pseudo-Victore
2005 3887 2115 3948 aut
2154 3904 2229 3948 ex
2270 3886 2525 3946 auctore
2546 3930 2560 3959 ,
2602 3904 2791 3966 quem
2829 3902 3007 3945 secu-

618 3994 721 4055 tus
768 3992 897 4067 est,
949 3992 1282 4075 desumpta
1331 4012 1483 4057 esse.

709 4096 778 4164 C.
833 4097 1190 4161 Gracchum
1239 4120 1276 4160 a
1294 4120 1327 4161 r
1341 4120 1402 4161 m
1421 4120 1458 4160 a
1476 4100 1505 4160 t
1519 4120 1556 4160 a
1602 4096 1635 4159 f
1646 4119 1683 4160 a
1698 4096 1840 4176 mil
1859 4096 1881 4158 i
1899 4118 1937 4158 a
1985 4096 2381 4160 Aventinum
2437 4116 2771 4179 occupasse
2821 4114 3006 4177 prae·
3131 4084 3132 4095 ¹

619 4208 717 4269 ter
783 4204 1148 4286 Ampelium
1221 4204 1340 4280 26,
1394 4204 1433 4265 2
1486 4200 1879 4287 (convocatis
1928 4202 2007 4263 ad
2056 4202 2293 4285 pileum
2343 4202 2560 4280 servis)
2609 4204 2676 4265 et
2722 4200 3009 4265 Pseudo-

620 4312 946 4377 Victorem
1018 4312 1138 4388 65,
1221 4312 1259 4373 5
1339 4332 1504 4374 unus
1581 4308 1917 4392 Appianus
1994 4308 2070 4371 de
2151 4308 2298 4373 bell.
2364 4309 2483 4374 civ.
2532 4308 2599 4392 Ι,
2663 4310 2747 4372 26
2811 4306 3013 4371 tradit

695 4531 752 4600 1)
792 4530 918 4583 Non
975 4526 1241 4583 reicienda
1278 4528 1361 4611 *est
1407 4525 1564 4581 lectio
1602 4524 1793 4579 codicis
1829 4522 2184 4578 Bruxellensis
2221 4524 2386 4595 (apud
2415 4524 2655 4613 Hildesh.
2686 4525 2759 4580 l.l.
2789 4544 2841 4596 p.
2862 4527 3014 4597 106).
