3184 5342
1761 386 1844 450 48

618 570 855 635 diceret
894 568 1074 635 nefas
1096 569 1189 634 ibi
1212 591 1345 634 esse
1369 568 1728 653 Scipionem
1749 614 1766 645 ,

617 677 728 741 ubi
775 676 1013 760 captivi
1058 675 1229 740 illius
1276 675 1481 740 adhuc
1520 674 1768 758 alligati

610 786 1005 847 tenerentur.

922 887 1115 973 Amp.
1171 889 1286 965 19,
1342 889 1445 951 10.
2086 887 2163 951 de
2201 887 2317 951 vir.
2367 886 2460 949 ill.
2514 887 2618 962 72,
2675 887 2776 950 10.

700 994 975 1060 Scaurus
996 1043 1012 1071 ,
1067 995 1177 1079 qui
1225 995 1430 1060 vetuit
1469 994 1670 1058 filium
1697 994 1763 1058 in
1951 993 2127 1057 Idem
2182 992 2508 1078 (Scaurus)
2555 991 2762 1056 filium
2797 1014 2988 1075 suum,

612 1105 1029 1187 conspectum
1078 1124 1261 1166 suum
1309 1101 1559 1177 venire,
1617 1099 1768 1184 quia
1858 1100 2010 1184 quia
2061 1098 2446 1183 praesidium
2495 1102 2878 1176 deseruerat,
2920 1100 2990 1162 in

614 1207 783 1272 bello
830 1206 1147 1272 Cimbrico
1195 1208 1572 1270 deseruerat.
1857 1210 2266 1290 conspectum
2329 1227 2512 1270 suum
2576 1205 2781 1269 vetuit
2821 1226 2990 1270 acce-

1853 1314 2021 1375 dere.

951 1419 1153 1506 Amp.·
1196 1422 1302 1499 27,
1356 1421 1419 1484 4.
2079 1419 2158 1482 de
2207 1418 2323 1484 vir.
2371 1417 2463 1483 ill.
2515 1418 2634 1503 24,
2687 1416 2749 1482 5.

701 1511 989 1591 Manlius*
1083 1523 1484 1610 Capitolinus
1502 1573 1519 1603 ,
1615 1547 1758 1590 cum
1943 1523 2222 1589 Manlius
2261 1522 2698 1608 Capitolinus.
2719 1570 2736 1586 .
2783 1545 2917 1587 cum
2941 1575 2957 1590 .
2977 1572 2992 1587 .

609 1633 884 1717 pecunia
922 1633 1279 1717 complures
1318 1631 1636 1696 debitores
1676 1630 1756 1694 li-
1850 1631 2135 1695 addictos
2197 1630 2455 1715 propria
2512 1629 2784 1714 pecunia
2833 1629 2989 1694 libe-

586 1739 894 1822 ·beraret,
960 1742 1288 1822 suspectus
1335 1738 1523 1822 regni
1566 1738 1758 1802 affec·
1850 1740 2058 1814 raret,
2098 1737 2282 1821 regni
2321 1735 2601 1801 affectati
2640 1735 2992 1820 suspicione

610 1845 735 1908 tati
798 1845 877 1909 de
930 1844 1200 1928 Tarpeio
1248 1865 1399 1909 saxo
1447 1844 1760 1929 praecipi·-
1853 1845 1930 1908 de
1999 1864 2152 1907 saxo
2215 1843 2484 1928 Tarpeio
2544 1843 2993 1927 praecipitatus

606 1952 780 2014 tatus
824 1954 940 2017 est.
1851 1953 1966 2015 est.
2377 1953 2384 1960 '

709 2055 1043 2141 Ampelius
1089 2060 1155 2122 et
1199 2057 1713 2123 Pseudo-Victor
1757 2057 1856 2121 his
1903 2057 2058 2121 locis
2106 2078 2313 2122 errore
2360 2057 2521 2142 lapsi
2566 2061 2740 2122 sunt.

923 2163 1114 2248 Amp.
1172 2165 1275 2242 18,
1330 2165 1433 2229 19.
2091 2164 2168 2227 de
2215 2164 2330 2229 vir.
2381 2163 2475 2228 ill.
2529 2164 2632 2240 77,
2685 2164 2748 2227 4.

696 2269 1035 2353 Pompeius
1100 2269 1332 2336 Cilicas
1392 2274 1533 2334 toto
1590 2270 1753 2334 mari
1934 2269 2361 2355 Pompeius...
2389 2291 2542 2334 mox
2562 2270 2800 2354 piratas
2816 2271 2971 2333 intra

606 2377 998 2441 dominantis
1013 2377 1184 2441 intra
1204 2377 1759 2462 quadragesimum
1851 2377 2407 2461 quadragesimum
2456 2378 2622 2441 diem
2669 2377 2929 2461 subegit.

607 2483 773 2547 diem
823 2483 995 2548 vicit.

696 2590 872 2655 Idem
917 2612 1093 2656 error
1138 2613 1177 2654 a
1222 2589 1433 2656 Floro.
1485 2589 1551 2667 I,
1605 2591 1728 2667 41,
1785 2589 1865 2654 15
1914 2591 2286 2656 commissus
2327 2593 2424 2655 est
2462 2590 2521 2675 (2
2535 2589 2810 2655 Victoria
2833 2611 2997 2674 qua-

609 2697 967 2780 dragesimo
1030 2697 1130 2760 die
1192 2700 1378 2780 parta
1426 2696 1617 2781 est.”)
1673 2694 1918 2761 Notum
1979 2701 2078 2762 est
2137 2719 2172 2762 e
2220 2697 2357 2763 Liv.
2406 2697 2531 2781 Ep.
2579 2697 2660 2760 99
2711 2698 2776 2759 et
2817 2695 3000 2759 Plut.

611 2802 837 2886 Pomp.
907 2804 991 2867 16
1053 2802 1426 2887 Pompeium
1504 2801 1934 2887 quadraginta
2008 2805 2232 2868 diebus
2301 2804 2541 2888 piratas
2625 2804 2763 2867 toto
2837 2801 3008 2866 mari

607 2909 921 2994 expulisse
994 2909 1064 2973 in
1143 2907 1426 2975 Ciliciam
1450 2955 1466 2987 ,
1533 2908 1644 2973 ubi
1719 2909 2416 2994 undequinquagesimo
2487 2911 2590 2974 die
2657 2911 3011 2994 postquam

605 3015 967 3081 Brundusio
1036 3015 1357 3100 profectus
1421 3020 1557 3080 erat
1576 3063 1591 3093 ,
1656 3015 1896 3079 bellum
1958 3016 2234 3081 confecit
2294 3014 2452 3102 (Cic.
2517 3016 2595 3080 de
2656 3016 2814 3099 imp.
2881 3011 3012 3080 Cn.

605 3122 831 3207 Pomp.
884 3123 1004 3200 12,
1059 3121 1191 3206 35).
1582 3107 1584 3110 ⁴

920 3227 1113 3313 Amp.
1168 3229 1288 3305 18,
1341 3228 1446 3291 21.
2076 3231 2156 3293 de
2202 3229 2314 3294 vir.
2367 3225 2612 3305 ill..'79‚
2664 3230 2726 3294 7.

693 3335 854 3400 Post
887 3333 1168 3419 Augusti
1215 3335 1756 3399 consecrationem
1940 3332 2172 3400 Caesar
2212 3334 2602 3401 Octavianus
2628 3381 2644 3398 .
2666 3381 2683 3397 .
2725 3333 3026 3398 dictator

600 3441 965 3526 (imperium
1016 3439 1409 3520 Romanum)
1446 3445 1755 3525 perpetua
1793 3423 1801 3431 ’
1845 3441 1915 3503 in
1962 3445 2341 3524 perpetuum
2388 3441 2616 3508 factus.

600 3547 942 3614 Caesarum
1004 3548 1323 3612 dictatura
1367 3547 1750 3612 dominatur.

694 3652 789 3718 cf.
864 3653 1032 3720 Flor.
1106 3654 1205 3731 11,
1281 3654 1400 3718 34:
1470 3653 1844 3738 »Augustus
1915 3653 2123 3719 dictus
2183 3655 2532 3740 imperator
2583 3655 3033 3739 perpetuuS.'’

610 3757 710 3823 Ex
751 3758 925 3827 Suet.
968 3759 1138 3845 Aug.
1185 3759 1268 3824 52
1310 3765 1377 3824 et
1420 3758 1614 3826 Dion.
1663 3759 1806 3824 Cas.
1855 3759 2044 3837 LIV,
2101 3761 2133 3824 1
2189 3762 2342 3825 satis
2365 3761 3043 3845 constatAugustum

606 3866 1023 3943 dictaturam,
1076 3890 1115 3930 a
1162 3867 1399 3951 populo
1446 3866 1730 3931 oblatam
1751 3912 1767 3944 ,
1814 3887 2152 3932 recusasse.
2823 3865 2828 3870 ’

692 3970 1025 4055 Ampelius
1091 3972 1211 4049 20,
1279 3971 1381 4039 10.
1450 3973 1570 4053 28,
1625 3973 1663 4033 2
1709 3975 1774 4035 et
1819 3970 2328 4037 Pseudo-Victor
2379 3975 2500 4061 30,
2553 3976 2580 4037 1
2638 3974 3041 4053 Pontio,

604 4077 751 4141 duci
799 4076 1183 4141 Samnitium
1205 4124 1221 4154 ,
1270 4077 1375 4160 qui
1425 4077 1506 4140 ad
1553 4076 1874 4141 Caudinas
1911 4077 2190 4143 furculas
2229 4077 2554 4144 Romanos
2594 4080 2711 4143 sub
2774 4079 3046 4164 iugum

611 4183 822 4260 misit,
895 4203 1252 4267 cognomen
1322 4182 1803 4247 Telesinam
1880 4182 2152 4263 indunt,
2213 4188 2385 4269 quod
2447 4207 2813 4270 cognomen
2893 4185 3056 4251 fuit

518 4281 531 4288 ’
615 4287 873 4366 Pontii,
921 4288 1112 4354 Marii
1156 4289 1273 4354 filii
1319 4290 1505 4368 socii,
1555 4291 1634 4354 de
1680 4311 1807 4374 quo
1854 4290 1932 4353 cf.
1982 4291 2154 4356 Plut.
2205 4291 2361 4360 Sull.
2414 4293 2520 4359 29.

820 4407 823 4412 ’
933 4394 1124 4481 Amp.
1178 4397 1283 4475 28,
1337 4398 1396 4461 3.
2157 4401 2234 4463 de
2277 4400 2394 4464 vir.
2436 4400 2527 4464 ill.
2571 4399 2676 4464 35.

698 4500 1018 4586 Pyrrhus,
1061 4524 1170 4567 rex
1191 4503 1633 4587 Epirotarum,
1659 4503 1770 4587 qui
1956 4503 2275 4589 Pyrrhus,
2320 4527 2432 4570 rex
2477 4505 2949 4590 Epirotarum.
2991 4559 3010 4574 .
3041 4587 3066 4605 ⁶
