<?xml version="1.0" encoding="UTF-8"?>
<!DOCTYPE html PUBLIC "-//W3C//DTD XHTML 1.0 Transitional//EN"
    "http://www.w3.org/TR/xhtml1/DTD/xhtml1-transitional.dtd">
<html xmlns="http://www.w3.org/1999/xhtml" xml:lang="en" lang="en">
 <head>
  <title>
</title>
<meta http-equiv="Content-Type" content="text/html;charset=utf-8" />
  <meta name='ocr-system' content='tesseract 3.04.00' />
  <meta name='ocr-capabilities' content='ocr_page ocr_carea ocr_par ocr_line ocrx_word'/>
</head>
<body>
  <div class='ocr_page' id='page_1' title='image "./defontibusexqui00vinkgoog_0042.png"; bbox 0 0 3184 5342; ppageno 0'>
   <div class='ocr_carea' id='block_1_1' title="bbox 1693 403 1778 466">
    <p class='ocr_par' dir='ltr' id='par_1_1' title="bbox 1693 403 1778 466">
     <span class='ocr_line' id='line_1_1' title="bbox 1693 403 1778 466; baseline 0 0"><span class='ocrx_word' id='word_1_1' title='bbox 1693 403 1778 466; x_wconf 83' lang='lat'><strong>30</strong></span> 
     </span>
    </p>
   </div>
   <div class='ocr_carea' id='block_1_2' title="bbox 526 584 2921 2244">
    <p class='ocr_par' dir='ltr' id='par_1_2' title="bbox 528 584 2921 1924">
     <span class='ocr_line' id='line_1_2' title="bbox 621 584 2921 671; baseline 0.003 -22"><span class='ocrx_word' id='word_1_2' title='bbox 621 584 745 649; x_wconf 89' lang='lat' dir='ltr'><strong>His</strong></span> <span class='ocrx_word' id='word_1_3' title='bbox 804 585 961 650; x_wconf 92' lang='lat' dir='ltr'><strong>locis</strong></span> <span class='ocrx_word' id='word_1_4' title='bbox 1018 585 1175 650; x_wconf 89' lang='lat' dir='ltr'><strong>haec</strong></span> <span class='ocrx_word' id='word_1_5' title='bbox 1224 587 1562 671; x_wconf 63' lang='lat' dir='ltr'><strong>adscripsiss</strong></span> <span class='ocrx_word' id='word_1_6' title='bbox 1611 585 2148 650; x_wconf 84' lang='lat' dir='ltr'><strong>Hildesheimerus</strong></span> <span class='ocrx_word' id='word_1_7' title='bbox 2197 585 2334 670; x_wconf 91' lang='grc'>(1.1.</span> <span class='ocrx_word' id='word_1_8' title='bbox 2388 609 2452 670; x_wconf 86' lang='lat' dir='ltr'><strong>p.</strong></span> <span class='ocrx_word' id='word_1_9' title='bbox 2512 585 2660 671; x_wconf 87' lang='lat'>31):</span> <span class='ocrx_word' id='word_1_10' title='bbox 2717 587 2921 655; x_wconf 56' lang='lat' dir='ltr'><strong>»Ecce</strong></span> 
     </span>
     <span class='ocr_line' id='line_1_3' title="bbox 532 691 2920 778; baseline 0.002 -23"><span class='ocrx_word' id='word_1_11' title='bbox 532 691 808 757; x_wconf 84' lang='lat' dir='ltr'><strong>adversis</strong></span> <span class='ocrx_word' id='word_1_12' title='bbox 856 692 1153 777; x_wconf 79' lang='lat' dir='ltr'><strong>auspiciis</strong></span> <span class='ocrx_word' id='word_1_13' title='bbox 1202 691 1559 758; x_wconf 79' lang='lat' dir='ltr'><strong>Gracchum</strong></span> <span class='ocrx_word' id='word_1_14' title='bbox 1600 693 1668 756; x_wconf 92' lang='lat' dir='ltr'><strong>in</strong></span> <span class='ocrx_word' id='word_1_15' title='bbox 1710 691 2035 776; x_wconf 90' lang='lat' dir='ltr'><strong>publicum</strong></span> <span class='ocrx_word' id='word_1_16' title='bbox 2078 692 2457 756; x_wconf 76' lang='lat' dir='ltr'><strong>concessisse</strong></span> <span class='ocrx_word' id='word_1_17' title='bbox 2481 691 2721 757; x_wconf 74' lang='lat' dir='ltr'><strong>frustra</strong></span> <span class='ocrx_word' id='word_1_18' title='bbox 2747 699 2920 778; x_wconf 86' lang='lat' dir='ltr'><strong>apud</strong></span> 
     </span>
     <span class='ocr_line' id='line_1_4' title="bbox 532 795 2918 883; baseline 0.001 -22"><span class='ocrx_word' id='word_1_19' title='bbox 532 796 791 863; x_wconf 88' lang='lat' dir='ltr'><strong>Florum</strong></span> <span class='ocrx_word' id='word_1_20' title='bbox 856 819 1155 882; x_wconf 78' lang='lat' dir='ltr'><strong>quaeraS,</strong></span> <span class='ocrx_word' id='word_1_21' title='bbox 1222 798 1511 864; x_wconf 82' lang='lat' dir='ltr'><strong>invenias</strong></span> <span class='ocrx_word' id='word_1_22' title='bbox 1568 799 1736 883; x_wconf 86' lang='lat' dir='ltr'><strong>apud</strong></span> <span class='ocrx_word' id='word_1_23' title='bbox 1800 797 1969 862; x_wconf 73' lang='lat' dir='ltr'><strong>Plut.</strong></span> <span class='ocrx_word' id='word_1_24' title='bbox 2035 797 2130 864; x_wconf 83' lang='lat' dir='ltr'><strong>Ti.</strong></span> <span class='ocrx_word' id='word_1_25' title='bbox 2183 795 2450 862; x_wconf 84' lang='lat' dir='ltr'><strong>Gracch.</strong></span> <span class='ocrx_word' id='word_1_26' title='bbox 2507 797 2610 875; x_wconf 89' lang='grc'><strong>17,</strong></span> <span class='ocrx_word' id='word_1_27' title='bbox 2661 801 2726 862; x_wconf 71' lang='lat' dir='ltr'><strong>et</strong></span> <span class='ocrx_word' id='word_1_28' title='bbox 2771 799 2918 864; x_wconf 88' lang='lat' dir='ltr'><strong>Val.</strong></span> 
     </span>
     <span class='ocr_line' id='line_1_5' title="bbox 534 902 2915 991; baseline 0.002 -24"><span class='ocrx_word' id='word_1_29' title='bbox 534 902 705 970; x_wconf 85' lang='lat' dir='ltr'><strong>Max.</strong></span> <span class='ocrx_word' id='word_1_30' title='bbox 778 903 845 982; x_wconf 92' lang='grc' dir='ltr'><strong>Ι,</strong></span> <span class='ocrx_word' id='word_1_31' title='bbox 909 906 986 982; x_wconf 88' lang='lat'><strong>4,</strong></span> <span class='ocrx_word' id='word_1_32' title='bbox 1053 904 1128 982; x_wconf 86' lang='lat'><strong>2,</strong></span> <span class='ocrx_word' id='word_1_33' title='bbox 1192 904 1423 969; x_wconf 84' lang='lat' dir='ltr'><strong>deinde</strong></span> <span class='ocrx_word' id='word_1_34' title='bbox 1484 904 1646 968; x_wconf 90' lang='lat' dir='ltr'><strong>illud</strong></span> <span class='ocrx_word' id='word_1_35' title='bbox 1692 904 1770 968; x_wconf 89' lang='lat' dir='ltr'><strong>de</strong></span> <span class='ocrx_word' id='word_1_36' title='bbox 1818 907 2149 968; x_wconf 73' lang='lat' dir='ltr'><strong>»cessante</strong></span> <span class='ocrx_word' id='word_1_37' title='bbox 2197 902 2471 989; x_wconf 86' lang='lat' dir='ltr'><strong>Mucio’&#39;,</strong></span> <span class='ocrx_word' id='word_1_38' title='bbox 2523 905 2693 987; x_wconf 87' lang='lat' dir='ltr'><strong>quod</strong></span> <span class='ocrx_word' id='word_1_39' title='bbox 2745 908 2915 991; x_wconf 86' lang='lat' dir='ltr'><strong>apud</strong></span> 
     </span>
     <span class='ocr_line' id='line_1_6' title="bbox 533 999 2918 1098; baseline 0.003 -26"><span class='ocrx_word' id='word_1_40' title='bbox 533 1009 795 1073; x_wconf 84' lang='lat' dir='ltr'><strong>Florum</strong></span> <span class='ocrx_word' id='word_1_41' title='bbox 865 1030 997 1098; x_wconf 64' lang='lat' dir='ltr'><strong>non</strong></span> <span class='ocrx_word' id='word_1_42' title='bbox 1063 1009 1317 1093; x_wconf 75' lang='lat' dir='ltr'><strong>legitur,</strong></span> <span class='ocrx_word' id='word_1_43' title='bbox 1384 1014 1635 1093; x_wconf 76' lang='lat' dir='ltr'><strong>praeter</strong></span> <span class='ocrx_word' id='word_1_44' title='bbox 1693 999 2003 1075; x_wconf 69' lang='lat' dir='ltr'><strong>Nostrum</strong></span> <span class='ocrx_word' id='word_1_45' title='bbox 2053 1007 2184 1076; x_wconf 84' lang='lat' dir='ltr'><strong>Cic.</strong></span> <span class='ocrx_word' id='word_1_46' title='bbox 2233 1009 2419 1074; x_wconf 87' lang='lat' dir='ltr'><strong>Tusc.</strong></span> <span class='ocrx_word' id='word_1_47' title='bbox 2470 1009 2586 1088; x_wconf 93' lang='lat' dir='ltr'><strong>IV,</strong></span> <span class='ocrx_word' id='word_1_48' title='bbox 2637 1012 2723 1076; x_wconf 84' lang='lat'><strong>23</strong></span> <span class='ocrx_word' id='word_1_49' title='bbox 2745 1059 2760 1090; x_wconf 92' lang='lat'>,</span> <span class='ocrx_word' id='word_1_50' title='bbox 2811 1012 2918 1092; x_wconf 88' lang='grc'><strong>51,</strong></span> 
     </span>
     <span class='ocr_line' id='line_1_7' title="bbox 532 1114 2915 1199; baseline 0.003 -18"><span class='ocrx_word' id='word_1_51' title='bbox 532 1116 701 1181; x_wconf 73' lang='lat' dir='ltr'><strong>Plut.</strong></span> <span class='ocrx_word' id='word_1_52' title='bbox 751 1116 793 1182; x_wconf 90' lang='lat'><strong>1.</strong></span> <span class='ocrx_word' id='word_1_53' title='bbox 820 1115 863 1180; x_wconf 92' lang='lat' dir='ltr'><strong>l.</strong></span> <span class='ocrx_word' id='word_1_54' title='bbox 910 1115 1013 1193; x_wconf 87' lang='grc'><strong>19,</strong></span> <span class='ocrx_word' id='word_1_55' title='bbox 1062 1114 1172 1178; x_wconf 87' lang='lat' dir='ltr'><strong>alii</strong></span> <span class='ocrx_word' id='word_1_56' title='bbox 1220 1118 1525 1194; x_wconf 67' lang='lat' dir='ltr'><strong>narraniz,</strong></span> <span class='ocrx_word' id='word_1_57' title='bbox 1575 1115 1850 1199; x_wconf 89' lang='lat' dir='ltr'><strong>denique</strong></span> <span class='ocrx_word' id='word_1_58' title='bbox 1889 1115 2052 1179; x_wconf 86' lang='lat' dir='ltr'><strong>illud</strong></span> <span class='ocrx_word' id='word_1_59' title='bbox 2091 1114 2360 1180; x_wconf 82' lang='lat' dir='ltr'><strong>Nasicae</strong></span> <span class='ocrx_word' id='word_1_60' title='bbox 2381 1116 2622 1180; x_wconf 89' lang='lat' dir='ltr'><strong>iussum</strong></span> <span class='ocrx_word' id='word_1_61' title='bbox 2648 1115 2777 1183; x_wconf 88' lang='lat' dir='ltr'><strong>Cic.</strong></span> <span class='ocrx_word' id='word_1_62' title='bbox 2805 1119 2915 1188; x_wconf 91' lang='grc'><strong>1.1.</strong></span> 
     </span>
     <span class='ocr_line' id='line_1_8' title="bbox 532 1219 2915 1308; baseline 0.001 -21"><span class='ocrx_word' id='word_1_63' title='bbox 532 1222 675 1287; x_wconf 89' lang='lat' dir='ltr'><strong>Val.</strong></span> <span class='ocrx_word' id='word_1_64' title='bbox 724 1222 899 1286; x_wconf 85' lang='lat' dir='ltr'><strong>Max.</strong></span> <span class='ocrx_word' id='word_1_65' title='bbox 949 1219 1081 1300; x_wconf 92' lang='lat' dir='ltr'>III,</span> <span class='ocrx_word' id='word_1_66' title='bbox 1134 1223 1195 1300; x_wconf 80' lang='lat'><strong>2,</strong></span> <span class='ocrx_word' id='word_1_67' title='bbox 1252 1223 1353 1301; x_wconf 86' lang='grc'><strong>17,</strong></span> <span class='ocrx_word' id='word_1_68' title='bbox 1407 1221 1564 1288; x_wconf 90' lang='lat' dir='ltr'><strong>Vell.</strong></span> <span class='ocrx_word' id='word_1_69' title='bbox 1613 1221 1698 1305; x_wconf 87' lang='grc' dir='ltr'><strong>ΙΙ,</strong></span> <span class='ocrx_word' id='word_1_70' title='bbox 1755 1223 1814 1299; x_wconf 82' lang='lat'><strong>3,</strong></span> <span class='ocrx_word' id='word_1_71' title='bbox 1866 1221 2037 1287; x_wconf 64' lang='lat' dir='ltr'><strong>Pluss.</strong></span> <span class='ocrx_word' id='word_1_72' title='bbox 2088 1221 2199 1285; x_wconf 90' lang='lat'>1.1.</span> <span class='ocrx_word' id='word_1_73' title='bbox 2253 1221 2358 1298; x_wconf 81' lang='lat'><strong>20,</strong></span> <span class='ocrx_word' id='word_1_74' title='bbox 2413 1222 2579 1308; x_wconf 86' lang='lat' dir='ltr'><strong>App.</strong></span> <span class='ocrx_word' id='word_1_75' title='bbox 2627 1224 2694 1289; x_wconf 90' lang='lat' dir='ltr'><strong>b.</strong></span> <span class='ocrx_word' id='word_1_76' title='bbox 2743 1247 2796 1289; x_wconf 93' lang='lat' dir='ltr'><strong>c.</strong></span> <span class='ocrx_word' id='word_1_77' title='bbox 2848 1226 2915 1304; x_wconf 90' lang='lat' dir='ltr'><strong>I,</strong></span> 
     </span>
     <span class='ocr_line' id='line_1_9' title="bbox 536 1327 2915 1413; baseline 0.001 -19"><span class='ocrx_word' id='word_1_78' title='bbox 536 1331 617 1394; x_wconf 90' lang='grc'><strong>16</strong></span> <span class='ocrx_word' id='word_1_79' title='bbox 670 1327 1002 1395; x_wconf 63' lang='grc' dir='ltr'><strong>ἡωᾶηηίῑ.”</strong></span> <span class='ocrx_word' id='word_1_80' title='bbox 1050 1327 1142 1392; x_wconf 63' lang='lat' dir='ltr'><strong>Aia</strong></span> <span class='ocrx_word' id='word_1_81' title='bbox 1188 1328 1594 1394; x_wconf 72' lang='lat' dir='ltr'><strong>manifestum</strong></span> <span class='ocrx_word' id='word_1_82' title='bbox 1643 1332 1739 1393; x_wconf 58' lang='lat' dir='ltr'><strong>esi</strong></span> <span class='ocrx_word' id='word_1_83' title='bbox 1785 1329 2056 1393; x_wconf 87' lang='lat' dir='ltr'><strong>eundem</strong></span> <span class='ocrx_word' id='word_1_84' title='bbox 2105 1330 2450 1406; x_wconf 76' lang='lat' dir='ltr'><strong>auctorem,</strong></span> <span class='ocrx_word' id='word_1_85' title='bbox 2501 1329 2612 1413; x_wconf 90' lang='lat' dir='ltr'><strong>qui</strong></span> <span class='ocrx_word' id='word_1_86' title='bbox 2637 1329 2915 1396; x_wconf 84' lang='lat' dir='ltr'><strong>Pseudo-</strong></span> 
     </span>
     <span class='ocr_line' id='line_1_10' title="bbox 528 1434 2915 1523; baseline 0.001 -22"><span class='ocrx_word' id='word_1_87' title='bbox 528 1436 854 1502; x_wconf 62' lang='lat' dir='ltr'><strong>Vicizorem</strong></span> <span class='ocrx_word' id='word_1_88' title='bbox 902 1435 1189 1500; x_wconf 73' lang='lat' dir='ltr'><strong>docuerit</strong></span> <span class='ocrx_word' id='word_1_89' title='bbox 1236 1435 1592 1500; x_wconf 83' lang='lat' dir='ltr'><strong>Gracchum</strong></span> <span class='ocrx_word' id='word_1_90' title='bbox 1641 1435 1920 1500; x_wconf 85' lang='lat' dir='ltr'><strong>adversis</strong></span> <span class='ocrx_word' id='word_1_91' title='bbox 1961 1434 2257 1519; x_wconf 86' lang='lat' dir='ltr'><strong>auspiciis</strong></span> <span class='ocrx_word' id='word_1_92' title='bbox 2292 1435 2363 1523; x_wconf 80' lang='lat' dir='ltr'><strong>in</strong></span> <span class='ocrx_word' id='word_1_93' title='bbox 2405 1435 2731 1518; x_wconf 88' lang='lat' dir='ltr'><strong>publicum</strong></span> <span class='ocrx_word' id='word_1_94' title='bbox 2759 1459 2915 1503; x_wconf 92' lang='lat' dir='ltr'><strong>con-</strong></span> 
     </span>
     <span class='ocr_line' id='line_1_11' title="bbox 528 1541 2917 1628; baseline 0.001 -21"><span class='ocrx_word' id='word_1_95' title='bbox 528 1543 785 1607; x_wconf 85' lang='lat' dir='ltr'><strong>cessisse</strong></span> <span class='ocrx_word' id='word_1_96' title='bbox 806 1590 820 1618; x_wconf 93' lang='lat'>,</span> <span class='ocrx_word' id='word_1_97' title='bbox 890 1563 1179 1606; x_wconf 87' lang='lat' dir='ltr'><strong>narrasse</strong></span> <span class='ocrx_word' id='word_1_98' title='bbox 1246 1542 1527 1625; x_wconf 87' lang='lat' dir='ltr'><strong>auspicia</strong></span> <span class='ocrx_word' id='word_1_99' title='bbox 1597 1545 1859 1622; x_wconf 84' lang='lat' dir='ltr'><strong>adversa</strong></span> <span class='ocrx_word' id='word_1_100' title='bbox 1927 1541 2151 1618; x_wconf 86' lang='lat' dir='ltr'><strong>fuisse,</strong></span> <span class='ocrx_word' id='word_1_101' title='bbox 2217 1562 2309 1604; x_wconf 86' lang='lat' dir='ltr'><strong>cu</strong></span> <span class='ocrx_word' id='word_1_102' title='bbox 2329 1563 2391 1604; x_wconf 89' lang='lat' dir='ltr'><strong>m</strong></span> <span class='ocrx_word' id='word_1_103' title='bbox 2455 1562 2917 1628; x_wconf 84' lang='lat' dir='ltr'><strong>prorogare</strong></span> 
     </span>
     <span class='ocr_line' id='line_1_12' title="bbox 528 1645 2910 1731; baseline 0 -19"><span class='ocrx_word' id='word_1_104' title='bbox 528 1648 695 1713; x_wconf 89' lang='lat' dir='ltr'><strong>sibi</strong></span> <span class='ocrx_word' id='word_1_105' title='bbox 760 1648 1020 1713; x_wconf 66' lang='lat' dir='ltr'><strong>velleiz</strong></span> <span class='ocrx_word' id='word_1_106' title='bbox 1081 1651 1618 1731; x_wconf 62' lang='lat' dir='ltr'><strong>possesssatem.</strong></span> <span class='ocrx_word' id='word_1_107' title='bbox 1681 1646 1928 1711; x_wconf 88' lang='lat' dir='ltr'><strong>Deinde</strong></span> <span class='ocrx_word' id='word_1_108' title='bbox 1976 1667 2108 1710; x_wconf 90' lang='lat' dir='ltr'><strong>non</strong></span> <span class='ocrx_word' id='word_1_109' title='bbox 2157 1649 2252 1710; x_wconf 68' lang='lat' dir='ltr'><strong>esiz</strong></span> <span class='ocrx_word' id='word_1_110' title='bbox 2300 1646 2430 1710; x_wconf 84' lang='lat' dir='ltr'><strong>veri</strong></span> <span class='ocrx_word' id='word_1_111' title='bbox 2481 1645 2684 1712; x_wconf 88' lang='lat' dir='ltr'><strong>simile</strong></span> <span class='ocrx_word' id='word_1_112' title='bbox 2731 1671 2910 1727; x_wconf 89' lang='lat' dir='ltr'><strong>eum,</strong></span> 
     </span>
     <span class='ocr_line' id='line_1_13' title="bbox 528 1751 2914 1837; baseline 0.002 -20"><span class='ocrx_word' id='word_1_113' title='bbox 528 1754 639 1837; x_wconf 89' lang='lat' dir='ltr'><strong>qui</strong></span> <span class='ocrx_word' id='word_1_114' title='bbox 688 1754 765 1818; x_wconf 86' lang='lat' dir='ltr'><strong>de</strong></span> <span class='ocrx_word' id='word_1_115' title='bbox 814 1752 1009 1817; x_wconf 88' lang='lat' dir='ltr'><strong>Mucii</strong></span> <span class='ocrx_word' id='word_1_116' title='bbox 1056 1753 1463 1817; x_wconf 68' lang='lat' dir='ltr'><strong>cuncizatione</strong></span> <span class='ocrx_word' id='word_1_117' title='bbox 1511 1757 1575 1817; x_wconf 68' lang='lat' dir='ltr'><strong>ef,</strong></span> <span class='ocrx_word' id='word_1_118' title='bbox 1623 1753 1699 1817; x_wconf 86' lang='lat' dir='ltr'><strong>de</strong></span> <span class='ocrx_word' id='word_1_119' title='bbox 1745 1751 2059 1837; x_wconf 84' lang='lat' dir='ltr'><strong>Scipionis</strong></span> <span class='ocrx_word' id='word_1_120' title='bbox 2106 1751 2277 1816; x_wconf 87' lang='lat' dir='ltr'><strong>iusso</strong></span> <span class='ocrx_word' id='word_1_121' title='bbox 2320 1751 2523 1836; x_wconf 66' lang='lat' dir='ltr'><strong>egeriiz</strong></span> <span class='ocrx_word' id='word_1_122' title='bbox 2543 1799 2558 1830; x_wconf 92' lang='lat'>,</span> <span class='ocrx_word' id='word_1_123' title='bbox 2601 1754 2678 1818; x_wconf 90' lang='lat' dir='ltr'><strong>de</strong></span> <span class='ocrx_word' id='word_1_124' title='bbox 2718 1755 2914 1821; x_wconf 84' lang='lat' dir='ltr'><strong>Grac-</strong></span> 
     </span>
     <span class='ocr_line' id='line_1_14' title="bbox 528 1859 1221 1924; baseline 0.001 -1"><span class='ocrx_word' id='word_1_125' title='bbox 528 1860 632 1924; x_wconf 90' lang='lat' dir='ltr'><strong>chi</strong></span> <span class='ocrx_word' id='word_1_126' title='bbox 682 1863 885 1924; x_wconf 76' lang='lat' dir='ltr'><strong>morte</strong></span> <span class='ocrx_word' id='word_1_127' title='bbox 932 1859 1221 1924; x_wconf 71' lang='lat' dir='ltr'><strong>tacuisse.</strong></span> 
     </span>
    </p>

    <p class='ocr_par' dir='ltr' id='par_1_3' title="bbox 526 1965 2910 2244">
     <span class='ocr_line' id='line_1_15' title="bbox 619 1965 2909 2052; baseline 0.001 -22"><span class='ocrx_word' id='word_1_128' title='bbox 619 1966 799 2031; x_wconf 82' lang='lat' dir='ltr'><strong>Infra</strong></span> <span class='ocrx_word' id='word_1_129' title='bbox 862 1965 1111 2049; x_wconf 86' lang='lat' dir='ltr'><strong>saepius</strong></span> <span class='ocrx_word' id='word_1_130' title='bbox 1176 1965 1334 2029; x_wconf 91' lang='lat' dir='ltr'><strong>mihi</strong></span> <span class='ocrx_word' id='word_1_131' title='bbox 1395 1965 1577 2048; x_wconf 87' lang='lat' dir='ltr'><strong>copia</strong></span> <span class='ocrx_word' id='word_1_132' title='bbox 1631 1965 1750 2029; x_wconf 73' lang='lat' dir='ltr'><strong>erit</strong></span> <span class='ocrx_word' id='word_1_133' title='bbox 1794 1967 2156 2050; x_wconf 86' lang='lat' dir='ltr'><strong>exponendi</strong></span> <span class='ocrx_word' id='word_1_134' title='bbox 2203 1966 2392 2034; x_wconf 75' lang='lat' dir='ltr'><strong>etiam</strong></span> <span class='ocrx_word' id='word_1_135' title='bbox 2441 1967 2654 2051; x_wconf 86' lang='lat' dir='ltr'><strong>plures</strong></span> <span class='ocrx_word' id='word_1_136' title='bbox 2703 1967 2872 2032; x_wconf 87' lang='lat' dir='ltr'><strong>locos</strong></span> <span class='ocrx_word' id='word_1_137' title='bbox 2893 2019 2909 2052; x_wconf 75' lang='lat'>,</span> 
     </span>
     <span class='ocr_line' id='line_1_16' title="bbox 528 2070 2910 2157; baseline 0 -19"><span class='ocrx_word' id='word_1_138' title='bbox 528 2074 637 2138; x_wconf 90' lang='lat' dir='ltr'><strong>ubi</strong></span> <span class='ocrx_word' id='word_1_139' title='bbox 704 2071 1212 2140; x_wconf 76' lang='lat' dir='ltr'><strong>Pseudo-Victor</strong></span> <span class='ocrx_word' id='word_1_140' title='bbox 1272 2094 1416 2136; x_wconf 87' lang='lat' dir='ltr'><strong>cum</strong></span> <span class='ocrx_word' id='word_1_141' title='bbox 1464 2070 1655 2135; x_wconf 86' lang='lat' dir='ltr'><strong>Floro</strong></span> <span class='ocrx_word' id='word_1_142' title='bbox 1702 2073 2032 2156; x_wconf 72' lang='lat' dir='ltr'><strong>congruit,</strong></span> <span class='ocrx_word' id='word_1_143' title='bbox 2065 2083 2209 2136; x_wconf 77' lang='lat' dir='ltr'><strong>‘non</strong></span> <span class='ocrx_word' id='word_1_144' title='bbox 2257 2094 2331 2135; x_wconf 87' lang='lat' dir='ltr'><strong>ex</strong></span> <span class='ocrx_word' id='word_1_145' title='bbox 2372 2071 2563 2137; x_wconf 86' lang='lat' dir='ltr'><strong>Floro</strong></span> <span class='ocrx_word' id='word_1_146' title='bbox 2612 2073 2750 2157; x_wconf 87' lang='lat' dir='ltr'><strong>ipso</strong></span> <span class='ocrx_word' id='word_1_147' title='bbox 2802 2077 2910 2139; x_wconf 89' lang='lat' dir='ltr'><strong>sed</strong></span> 
     </span>
     <span class='ocr_line' id='line_1_17' title="bbox 526 2177 1521 2244; baseline -0.004 0"><span class='ocrx_word' id='word_1_148' title='bbox 526 2202 603 2244; x_wconf 84' lang='lat' dir='ltr'><strong>ex</strong></span> <span class='ocrx_word' id='word_1_149' title='bbox 650 2179 973 2244; x_wconf 89' lang='lat' dir='ltr'><strong>communi</strong></span> <span class='ocrx_word' id='word_1_150' title='bbox 1022 2177 1201 2242; x_wconf 61' lang='lat' dir='ltr'><strong>ioniae</strong></span> <span class='ocrx_word' id='word_1_151' title='bbox 1248 2178 1521 2242; x_wconf 86' lang='lat' dir='ltr'><strong>fluxisse.</strong></span> 
     </span>
    </p>
   </div>
  </div>
 </body>
</html>
