3184 5342
1482 1099 1944 1183 CAPUT
2013 1099 2138 1188 V..

672 1508 868 1574 Anno
930 1512 1101 1577 1880
1165 1512 1251 1578 H.
1322 1512 2146 1578 Hildesheimerus
2214 1511 2501 1576 libellum
2565 1512 2687 1574 »(19
2726 1510 2962 1589 Libro,

582 1616 691 1699 qui
772 1617 1145 1682 inscribitur
1214 1620 1291 1683 de
1359 1619 1511 1684 viris
1580 1619 1934 1683 illustribus
2008 1618 2182 1682 urbis
2251 1619 2492 1683 Romae
2561 1618 2962 1701 quaestiones

579 1721 961 1788 historicae”
1032 1723 1315 1789 Berolini
1386 1725 1602 1790 edidit.
1701 1725 1960 1788 Reiecta
2026 1724 2295 1808 Hauptii
2361 1727 2436 1788 de
2501 1723 2748 1808 Nepote
2816 1746 2963 1788 sen-

577 1829 783 1893 tentia
831 1829 1367 1895 Hildesheimerus
1414 1831 1686 1895 coniecit
1736 1830 2334 1896 Pseudo-Victorem
2361 1853 2436 1894 ex
2483 1829 2789 1914 scriptore
2814 1853 2964 1915 quo-

580 1936 725 1998 dam
788 1935 865 1999 de
930 1936 1079 2000 viris
1139 1936 1492 2001 illustribus
1553 1957 1666 2020 per
1714 1939 1922 2000 totum
1986 1935 2222 2000 librum
2286 1936 2590 2021 pendere,
2646 1935 2964 2019 capitibus

580 2040 656 2134 9,
726 2042 849 2118 14,
918 2042 1001 2104 22
1062 2043 1342 2126 exceptis
1360 2089 1375 2120 ,
1440 2064 1603 2126 quae
1636 2043 1682 2106 ’9
1729 2041 2015 2106 Livianis
2064 2042 2399 2106 annalibus
2446 2042 2756 2126 originem
2827 2045 2961 2105 tra-

579 2147 743 2210 xisse
810 2150 999 2231 putat
1060 2157 1147 2233 (p.
1214 2149 1347 2235 22).
1442 2149 1668 2214 Secum
1732 2153 2036 2234 reputans
2100 2170 2260 2232 quos
2329 2149 2664 2232 scriptores
2729 2147 2960 2212 Hiero-

580 2276 812 2337 nymus
884 2254 1147 2339 (proleg.
1216 2256 1295 2319 ad
1362 2254 1676 2319 Dextrum
1733 2255 1803 2318 in
1866 2255 2030 2319 libro
2096 2255 2172 2318 de
2236 2253 2352 2318 vir.
2417 2254 2509 2318 ill.
2558 2253 2647 2319 ΙΙ.
2694 2276 2756 2337 p.
2806 2254 2950 2318 821.

578 2358 773 2438 Vall.)
835 2361 912 2424 de
975 2361 1125 2426 viris
1187 2362 1545 2427 illustribus
1592 2361 1914 2445 scripsisse
1966 2361 2336 2440 tradiderit,
2376 2385 2574 2426 unum
2624 2361 2949 2446 Hyginum

579 2487 617 2528 3
680 2464 1225 2533 Pseudo-Victore
1295 2473 1668 2552 usurpatum
1731 2490 1864 2533 esse
1929 2467 2256 2550 comperit.
2326 2467 2416 2532 Et
2473 2469 2778 2552 quoniam
2824 2469 2957 2528 tam

577 2574 911 2658 perspicua
958 2575 1227 2658 vestigia
1272 2574 1571 2640 Floriana
1633 2575 1800 2660 apud
1863 2573 2462 2639 Pseudo-Victorem
2509 2572 2958 2646 inveniantur,

578 2700 741 2762 quae
803 2702 1007 2765 neque
1069 2702 1145 2744 ex
1204 2680 1471 2765 Hygino
1534 2702 1741 2765 neque
1803 2703 1879 2744 ex
1940 2679 2129 2744 Floro
2189 2679 2329 2762 ipso
2378 2715 2458 2724 —
2518 2675 2735 2739 eadem
2784 2674 2958 2737 enim

576 2784 748 2867 apud
837 2784 1199 2869 Ampelium
1223 2833 1238 2864 ‚
1323 2786 1433 2870 qui
1501 2786 1718 2850 eodem
1791 2808 1917 2870 quo
1986 2782 2494 2850 Pseudo-Victor
2560 2780 2740 2844 fonte
2811 2799 2961 2841 usus

576 2889 697 2967 sit,
762 2912 1086 2956 occurrere
1147 2927 1231 2940 --
1296 2892 1448 2956 oriri
1509 2893 1874 2976 potuerint,
1931 2913 2104 2955 »non
2165 2890 2372 2974 ipsum
2434 2885 2767 2972 Hyginum
2820 2883 2959 2948 No-

576 2999 779 3059 strum
844 2997 1206 3064 adhibuisse
1258 3000 1366 3063 sed
1412 2983 1716 3064 ‘auctoris
1785 3019 1944 3082 opus
1966 3045 1981 3076 ,
2038 2997 2150 3081 qui
2193 2996 2339 3060 illos
2386 2993 2636 3079 Hygini
2683 2995 2761 3056 de
2808 2989 2961 3054 viris

574 3100 929 3168 illustribus
990 3103 1219 3188 libros,-
1286 3105 1461 3170 Flori
1526 3105 1802 3189 epitome
1862 3104 2098 3188 passim
2149 3125 2298 3168 usus
2319 3149 2334 3180 ‚
2383 3098 2823 3166 retractaverit
2869 3100 2959 3160 at-

577 3229 699 3292 que
761 3209 911 3274 inde
970 3209 1335 3294 Ampelium
1394 3233 1647 3296 quoque
1695 3233 1803 3288 ea,
1852 3232 2016 3294 quae
2062 3212 2140 3272 de
2187 3209 2622 3272 Romanorum
2668 3203 2960 3286 regibuS‚

524 3351 529 3356 ·
577 3313 877 3398 ducibus,
946 3317 1097 3382 viris
1167 3317 1473 3399 fortibuS,
1544 3309 1837 3381 hostibus
1907 3313 2108 3378 relata
2181 3311 2348 3395 apud
2423 3331 2565 3373 eum
2634 3309 2958 3393 legamus,

576 3421 1037 3506 desumpsisse”
1098 3425 1289 3506 putat
1350 3422 1438 3505 (p.
1508 3421 1642 3498 35).
1724 3420 2190 3502 Hieronymum
2252 3416 2322 3480 in
2385 3415 2830 3480 enumerandis
2882 3414 2963 3477 de

576 3526 729 3592 viris
788 3527 1143 3592 illustribus
1190 3526 1367 3591 libris
1414 3527 1586 3590 hunc
1633 3526 1955 3590 reticuisse
2001 3523 2309 3600 coniecit,
2358 3522 2552 3606 »quia
2599 3520 2961 3605 Hyginiani

575 3635 781 3718 operis
838 3634 1146 3718 originem
1212 3638 1277 3699 et
1321 3632 1803 3698 similitudinem
1854 3633 1987 3695 tam
2038 3631 2256 3715 aperte
2302 3650 2454 3713 prae
2500 3649 2565 3691 se
2611 3627 2802 3690 ferret
2824 3674 2839 3704 ‚
2887 3629 2962 3690 ut

573 3741 773 3824 ipsius
816 3740 1067 3827 Hygini
1113 3741 1275 3805 liber
1320 3740 1642 3806 videretur
1688 3738 1862 3804 esse'’
1913 3740 2002 3823 (p.
2057 3736 2190 3823 35).
2241 3734 2634 3801 Consensum
2676 3732 2958 3796 Pseudo-

574 3846 856 3912 Victoris
917 3870 1059 3912 cum
1123 3847 1345 3932 elogiis
1367 3895 1381 3924 ,
1444 3869 1583 3911 cum
1655 3845 1911 3910 Valerio
1976 3843 2255 3908 Maximo
2275 3889 2292 3920 ‚
2342 3862 2483 3904 911111
2532 3837 2847 3903 Frontino
2896 3843 2962 3902 et

574 3975 717 4017 cum
780 3953 1035 4017 scholiis
1098 3953 1431 4018 nonnullis
1477 3952 1626 4016 inde
1674 3955 1896 4015 natum
1945 3971 2077 4014 esse
2125 3951 2314 4034 putat
2359 3948 2531 4031 quod
2577 3967 2652 4009 ex
2698 3946 2957 4022 eodem,

572 4081 606 4124 9
654 4082 779 4143 quo
828 4059 1373 4136 Pseudo-Victor,
1423 4062 1715 4136 auctore,
1762 4056 2062 4141 HyginO,
2114 4056 2454 4140 pendeant.

663 4163 1151 4228 Hildesheimeri
1200 4164 1561 4229 coniectura
1599 4167 1935 4248 propterea
1973 4163 2291 4226 reicienda
2329 4181 2462 4223 esse
2501 4157 2660 4221 mihi
2684 4158 2954 4234 videtur,

572 4273 743 4353 quod
782 4274 1196 4355 argumenta,
1240 4270 1467 4353 quibus
1510 4269 1768 4346 nititur,
1811 4268 1995 4333 valde
2035 4268 2223 4332 exilia
2263 4268 2432 4330 sunt.
2485 4265 2668 4330 Unus
2703 4267 2955 4326 tantum

568 4375 817 4460 Hygini
872 4377 1048 4440 locus
1112 4375 1296 4440 nobis
1356 4374 1616 4439 relictus
1679 4377 1810 4456 est,
1882 4374 1990 4438 ubi
2058 4375 2134 4438 de
2181 4373 2400 4437 iisdem
2451 4372 2674 4455 rebus,
2723 4369 2956 4454 quibus

452 4531 455 4534 ι
573 4481 1081 4546 Pseudo-Victor
1100 4529 1116 4559 ‚
1164 4481 1320 4566 agit.
