3184 5342
1448 374 1535 444 83

301 560 547 625 Deinde
607 559 824 625 Livius
889 561 1172 625 ostendit
1210 562 1349 625 fieri
1396 583 1529 625 non
1577 583 1796 647 posse,
1845 565 1919 625 ut
1954 562 2087 651 ‘hoc
2134 560 2381 627 facinus
2427 562 2497 625 in
2544 584 2688 627 eum

305 688 546 729 annum
617 665 1060 741 transferatur,
1130 687 1254 750 quo
1325 666 1560 731 Cossus
1630 667 1854 731 consul
1923 666 2147 744 fuerit3
2216 665 2469 730 imbelle
2516 667 2685 730 enim

307 770 656 834 triennium
701 771 898 837 ferme
935 772 1298 857 pestilentia
1336 772 1678 856 inopiaque
1714 773 1976 856 frugum
2020 772 2187 836 circa
2212 756 2294 835 Α.
2320 772 2693 836 Cornelium

308 876 633 940 consulem
679 876 890 941 fuisse.
938 878 1228 964 Denique
1272 877 1490 943 Livius
1538 879 1696 943 haec
1744 879 2033 962 scripsit:
2087 878 2357 943 »tertius
2404 878 2485 941 ab
2534 900 2687 943 con-

306 981 520 1045 sulatu
583 979 760 1045 Cossi
826 1005 1030 1047 annus
1091 984 1420 1048 tribunum
1487 1007 1633 1048 eum
1685 985 1965 1049 militum
2014 985 2329 1051 consulari
2376 988 2690 1069 potestate

304 1086 532 1165 habet,
581 1092 800 1154 eodem
848 1111 1018 1153 anno
1066 1090 1440 1174 magistrum
1483 1091 1769 1174 equitum
1807 1090 2157 1175 (Mamerco
2185 1090 2461 1154 Aemilio
2486 1090 2688 1155 dicta-

303 1193 444 1256 tore
490 1194 560 1257 in
608 1195 775 1260 bello
813 1199 1038 1260 contra
1076 1194 1470 1275 Fidenates):
1512 1217 1638 1280 quo
1678 1196 1748 1259 in
1790 1197 2055 1280 imperio
2080 1197 2347 1262 alteram
2367 1197 2689 1280 insignem

306 1298 510 1363 edidit
553 1322 841 1385 pugnam
889 1306 1260 1386 equestrem.
1302 1300 1400 1365 Ea
1444 1302 1647 1366 libera
1692 1304 2056 1367 coniectura
2103 1304 2263 1367 est.”
2314 1303 2487 1379 Quae
2536 1324 2691 1367 con-

306 1403 546 1469 iectura
605 1405 779 1471 facta
839 1411 937 1472 est
995 1409 1164 1492 apud
1223 1407 1370 1473 Val.
1439 1407 1611 1472 Max.
1675 1407 1809 1491 ΙΙΙ,
1864 1410 1921 1493 2,
1970 1411 2045 1486 4,
2096 1408 2263 1473 Flor.
2318 1408 2378 1494 Ι,
2434 1410 2492 1494 6,
2548 1408 2587 1471 9
2615 1407 2691 1493 1),

308 1509 919 1578 Pseudo-Victorem
937 1535 986 1591 ;-
1021 1514 1090 1578 hi
1137 1514 1307 1578 enim
1355 1513 1623 1579 Cossum
1687 1514 2063 1598 magistrum
2133 1514 2417 1598 equitum
2488 1513 2691 1597 spolia

308 1638 706 1683 consecrasse
773 1621 1058 1684 tradunt.
1128 1621 1356 1704 Itaque
1417 1620 1586 1703 apud
1652 1642 1869 1684 eorum
1931 1625 2253 1685 auctorem
2315 1620 2515 1705 legati
2560 1610 2701 1683 non

307 1746 476 1788 anno
521 1725 650 1788 316
699 1726 808 1789 sed
856 1728 984 1790 328
1032 1726 1352 1790 interfecti
1399 1732 1568 1791 sunt.
1620 1726 1862 1790 Eodem
1913 1727 2100 1791 modo
2148 1725 2335 1791 Diod.
2387 1727 2508 1791 Sic.
2538 1726 2689 1802 XII,

311 1831 418 1908 80,
467 1830 716 1895 fontem
764 1833 1044 1916 optimae
1069 1836 1257 1897 notae
1283 1837 1566 1917 secutm,
1595 1855 1728 1897 rem
1756 1831 2049 1917 exposuit
2074 1833 2147 1917 ²).
2196 1832 2387 1897 Errat
2411 1833 2694 1897 Pseudo-

308 1935 556 2016 Victor‚
632 1938 746 2002 ubi
813 1937 1182 2013 Quinctium
1254 1937 1713 2004 Cincinnatum
1786 1940 2163 2005 dictatorem
2215 1939 2389 2003 facit.
2462 1938 2699 2003 Omnes

313 2043 482 2107 enim
529 2044 866 2128 scriptores
911 2045 1033 2109 hoc
1081 2066 1254 2108 anno
1301 2044 1690 2109 Mamercum
1730 2043 2075 2109 Aemilium
2104 2046 2477 2109 dictatorem
2504 2043 2697 2108 fuisse

313 2152 580 2213 tradunt
631 2148 752 2237 (Cf.
803 2151 941 2215 Liv.
991 2150 1110 2228 IV,
1163 2151 1270 2228 31,
1321 2150 1407 2231 5).

406 2360 620 2446 Caput
663 2361 904 2428 XXVI.
952 2362 1093 2427 Etsi
1140 2364 1262 2427 hoc
1309 2364 1515 2447 capite
1562 2362 2074 2427 Pseudo-Victor
2119 2363 2311 2446 plane
2349 2384 2493 2427 cum
2520 2364 2701 2428 Livio

313 2468 647 2552 congruit,
691 2490 895 2551 pauca
941 2469 1153 2532 tamen
1195 2469 1363 2552 apud
1398 2491 1542 2533 eum
1587 2468 2029 2545 inveniuntur,
2071 2491 2232 2552 quae
2256 2470 2423 2553 apud
2448 2469 2700 2533 Livium

266 2558 286 2569 ’
313 2574 773 2639 desiderantur.
847 2573 1130 2658 Uterque
1193 2574 1392 2657 igitur
1452 2596 1530 2638 ex
1593 2575 1814 2638 eodem
1872 2575 2053 2638 fonte
2100 2574 2383 2639 hausisse
2428 2575 2697 2641 videtur.

387 2858 440 2925 1)
476 2856 636 2929 Apud
685 2855 903 2910 Florum
951 2854 1024 2909 l.1.
1072 2853 1236 2909 verba
1279 2851 1480 2924 „spolia
1527 2852 1592 2907 de
1630 2854 1790 2907 Larte
1826 2852 2104 2923 Tolumnio
2146 2871 2269 2925 rege
2305 2853 2372 2908 ad
2408 2854 2703 2908 Feretrium

281 2942 576 3013 ‚triumpho
627 2940 931 3015 reportata''
980 2939 1374 3011 transponenda
1423 2942 1477 2993 et
1511 2938 1737 3010 legenda
1772 2941 1896 2993 sunt
1931 2942 2054 2993 ante
2097 2939 2285 2993 verba:
2329 2938 2464 3003 „Vei
2510 2944 2707 3009 quanta

313 3047 396 3083 res
441 3028 599 3083 fuerit
650 3028 786 3082 cet.''
857 3028 976 3096 Quo
1019 3028 1136 3081 loco
1184 3027 1316 3081 haec
1365 3025 1598 3080 narratio
1648 3024 1715 3079 de
1752 3024 1917 3079 Cosso
1953 3024 2174 3095 legitur,
2218 3024 2287 3078 ad
2324 3024 2573 3079 Veiorum
2613 3023 2705 3079 ob-

299 3114 572 3168 sidionem
607 3113 774 3185 spolia
806 3112 898 3167 illa
932 3112 1232 3183 pertineant
1266 3130 1481 3166 necesse
1517 3114 1615 3165 est.
1671 3110 1725 3164 Si
1761 3129 1825 3165 ea
1867 3111 2031 3165 verba
2065 3114 2481 3181 transponuntur
2494 3153 2509 3175 ,
2530 3110 2706 3165 omnia

319 3199 516 3270 optime
561 3199 771 3253 cedunt.
829 3197 1006 3274 Spolia
1041 3197 1216 3269 opima
1251 3216 1368 3252 cum
1405 3196 1726 3252 Fidenarum
1764 3197 2036 3270 eversione
2072 3197 2463 3269 coniunguntur
2499 3201 2554 3252 et
2589 3198 2709 3251 Flo-

319 3304 409 3341 rus
445 3285 578 3341 alter
613 3286 761 3340 testis
796 3284 976 3357 prodit
1014 3284 1083 3339 ad
1120 3284 1400 3345 Niebuhrii
1435 3288 1490 3338 et
1525 3284 1839 3339 Mommseni
1878 3284 1943 3337 de
1981 3283 2272 3355 legatorum
2311 3283 2471 3338 caede
2508 3283 2711 3339 coniec-

317 3375 464 3427 turas
499 3372 810 3444 probandas
868 3372 1009 3426 Nam
1045 3389 1111 3425 ex
1145 3369 1234 3437 iis,
1272 3387 1408 3440 quae
1442 3370 1629 3440 Florus
1668 3370 1734 3425 de
1772 3370 2148 3437 Fidenatibu8‚
2185 3369 2457 3423 facibus
2509 3387 2711 3423 arma-

312 3457 432 3525 tis,
469 3457 694 3525 tradidit
728 3456 1060 3511 manifestum
1098 3459 1180 3510 est
1215 3474 1334 3510 eum
1371 3474 1476 3511 non
1513 3455 1579 3510 de
1614 3454 1931 3510 Fidenarum
1954 3452 2239 3511 'obsidione
2274 3474 2325 3509 a.
2367 3457 2469 3509 317
2510 3454 2605 3509 sed
2643 3454 2709 3508 de

312 3543 470 3599 huius
515 3543 662 3599 urbis
710 3543 982 3599 eversione
1036 3562 1084 3597 a.
1143 3543 1245 3597 328
1303 3542 1475 3613 egisse
1527 3542 1631 3611 (Cf.
1686 3542 1804 3597 Liv.
1863 3542 1930 3606 V,
1987 3543 2084 3608 33,
2124 3543 2194 3609 1).
2252 3541 2499 3595 Ceterum
2538 3540 2697 3595 etiam

313 3649 447 3701 quae
495 3630 818 3703 praecedunt
865 3634 920 3685 et
967 3648 1100 3699 quae
1135 3631 1428 3699 sequuntur
1475 3627 1604 3683 satis
1658 3628 1951 3683 ostendunt
1990 3628 2177 3683 verba:
2220 3626 2421 3697 „spolia
2440 3666 2487 3681 ..
2526 3644 2703 3698 repor-

311 3716 460 3771 tata''
507 3735 613 3771 non
661 3735 754 3772 suo
802 3716 920 3771 loco
967 3715 1163 3787 scripta
1205 3732 1333 3769 esse.
1390 3714 1457 3769 In
1508 3713 1601 3781 iis,
1650 3732 1784 3783 quae
1833 3712 2191 3783 praecedunt,
2234 3713 2423 3767 Florus
2460 3713 2705 3784 exposuit

313 3819 472 3871 quam
519 3801 744 3858 difficilis
794 3800 1049 3855 Veiorum
1098 3800 1424 3871 oppugnatio
1475 3804 1631 3855 esset.
1688 3800 1992 3869 Sequuntur
2043 3800 2205 3854 verba
2254 3798 2319 3853 de
2371 3799 2561 3869 quibus
2600 3803 2701 3871 egi.

309 3887 522 3943 Scilicet
569 3906 839 3959 speramus
883 3888 998 3942 fore
1043 3889 1105 3940 ut
1151 3886 1310 3939 Larte
1347 3885 1629 3941 Tolumnio
1668 3885 1965 3940 interfecto·
1984 3884 2266 3955 spoliisque
2302 3885 2491 3955 opimis
2526 3904 2707 3956 repor-

309 3973 436 4029 tatis
489 3974 618 4029 urbs
671 3992 794 4029 mox
847 3974 1111 4045 capiatur-3
1166 3972 1326 4027 immo
1382 3971 1708 4041 „denique
1762 3990 1863 4026 non
1922 3971 2077 4027 scalis
2134 3975 2188 4027 et
2241 3972 2514 4043 eruptione
2537 4016 2551 4039 ‚
2608 3972 2702 4027 sed

309 4059 552 4115 cuniculo
598 4064 653 4115 et
696 4058 1052 4115 subterraneis
1101 4057 1236 4115 dolis
1280 4062 1549 4129 peractum
1611 4057 1760 4113 urbis
1810 4057 2123 4113 excidium.’'
2200 4058 2351 4114 Haec
2400 4078 2508 4113 non
2560 4058 2693 4114 bene

307 4145 568 4215 quadrare
609 4145 728 4216 quis
773 4148 856 4199 est
901 4144 1032 4213 quin
1075 4144 1206 4199 mihi
1247 4143 1536 4199 concedat?
1595 4144 1743 4211 Quae
1792 4144 1990 4215 optime
2027 4163 2147 4199 cum
2196 4144 2287 4211 ἰίε,
2326 4162 2458 4214 quae
2493 4163 2707 4215 praece-

309 4230 472 4297 dunt,
519 4230 887 4298 convenirent,
922 4228 970 4284 si
1004 4248 1064 4284 ea
1098 4234 1465 4300 sequerentur,
1503 4248 1638 4300 quae
1674 4228 1740 4285 dc
1777 4229 1975 4286 difficili
2010 4230 2262 4287 Veiorum
2302 4231 2697 4303 oppugnatione

307 4317 518 4373 rettulit
553 4318 762 4372 Florus.
845 4354 858 4365 -

381 4406 436 4473 2)
475 4404 554 4460 cf.
605 4403 862 4459 Niebuhr.
915 4402 1061 4457 Hist.
1094 4403 1249 4457 Rom.
1286 4402 1364 4459 Π.
1398 4419 1448 4473 Ρ.
1491 4403 1611 4457 515.
1650 4401 1772 4457 adn.
1811 4404 1971 4471 1006,
2007 4404 2254 4459 Momms.
2300 4404 2492 4460 Herm.
2534 4404 2701 4461 XIII.

309 4508 362 4562 p.
407 4491 511 4545 306
538 4518 587 4540 =
613 4488 830 4559 Quaest.
868 4488 1026 4543 Rom.
1065 4486 1143 4543 II.
1181 4505 1233 4559 p.
1279 4488 1402 4542 237.
