3184 5342
1297 422 1462 519 ‘49

231 623 342 686 pro
379 601 746 665 Tarentinis
782 600 1019 665 bellum
1055 619 1200 665 cum
1239 599 1371 665 Ro-
1465 600 1701 665 auxilio
1766 600 2131 666 Tarentinis
2194 603 2430 667 bellum
2482 604 2616 668 Ro-

231 707 438 770 manis
450 706 648 787 gessit
659 709 1032 790 vastataque
1047 704 1397 789 Campania
1473 706 1678 770 manis
1718 707 1959 770 intulit.
1990 755 2005 771 .
2034 756 2048 771 .
2098 707 2203 771 Ad
2245 709 2613 774 vicesimum

229 815 311 875 ad
356 812 722 875 vicesimum
767 812 848 875 ab
893 811 1049 876 urbe
1096 811 1370 894 lapidem
1463 811 1544 875 ab
1570 812 1726 875 urbe
1750 812 2028 895 lapidem
2054 817 2263 878 castra
2288 801 2521 897 posuit.
2553 866 2567 881 .
2598 863 2613 878 .

227 917 550 1000 pervenit,
612 938 760 980 mox
817 940 856 980 a
895 914 1085 981 Curio
1127 920 1192 981 et
1236 915 1359 979 Fa·
1453 916 1513 980 A
1555 914 1746 981 Curio
1787 921 1851 981 et
1883 917 2174 983 Fabricio
2200 924 2568 1003 superatne.
2592 969 2613 989 .
2652 1000 2655 1005 Ι

226 1021 422 1085 bricio
439 1022 642 1086 victus
658 1022 728 1085 in
744 1022 1014 1105 patriam
1042 1022 1369 1086 concessit.
1462 1022 1532 1085 in
1579 1021 1859 1087 Siciliam
1906 1024 2171 1089 traiecit.

312 1126 450 1191 Iam
477 1127 750 1191 vidimus
794 1132 1044 1211 praeter
1089 1126 1457 1210 Ampelium
1496 1129 1562 1191 et
1602 1127 2208 1193 Pseudo-Victorem
2235 1176 2251 1207 ,
2279 1129 2542 1195 Florum
2564 1130 2615 1218 1)

222 1233 488 1297 eundem
537 1254 811 1296 errorem
859 1232 1276 1309 commisisse,
1325 1232 1436 1315 qui
1479 1236 1544 1295 et
1590 1236 1762 1316 apud
1809 1232 2117 1297 Asculum
2167 1238 2233 1299 et
2272 1240 2444 1319 apud
2492 1236 2618 1301 Be-

227 1342 571 1402 neventum
630 1338 948 1422 Pyrrhum
1008 1360 1046 1401 a
1108 1338 1475 1401 consulibus
1535 1335 1725 1402 Curio
1790 1342 1856 1403 et
1886 1338 2193 1403 ‘Fabricio
2243 1345 2611 1424 superatum

225 1466 354 1508 esse
400 1446 635 1508 tradat.
686 1441 956 1508 Constat
1001 1442 1172 1507 enim
1221 1444 1390 1526 apud
1437 1443 1747 1508 Asculum
1794 1449 2155 1527 pugnatum
2205 1468 2338 1511 esse
2380 1470 2418 1511 a
2460 1468 2614 1511 con-

227 1548 467 1613 sulibus
513 1547 794 1631 Sulpicio
835 1552 900 1611 et
941 1546 1134 1611 Decio
1175 1548 1390 1624 Mure,
1432 1549 1603 1631 apud
1644 1548 2083 1613 Beneventum
2126 1570 2165 1613 a
2202 1550 2395 1615 Curio
2440 1550 2614 1615 Den-

225 1657 360 1717 tato
407 1659 472 1718 et
516 1651 812 1718 Cornelio
860 1638 1134 1717 Lentulo
1181 1651 1303 1737 (Cf.
1353 1652 1536 1717 Eutr.
1583 1652 1685 1730 II,
1737 1656 1856 1735 13,
1912 1655 2041 1740 14).

559 1759 754 1843 Amp.
803 1760 926 1835 40,
976 1761 1037 1822 4.
1717 1761 1796 1824 de
1843 1760 1959 1823 vir.
2008 1761 2098 1825 ill.
2153 1763 2271 1840 79,
2324 1767 2385 1829 2.

315 1866 629 1941 Quartum
673 1865 911 1928 bellum
963 1864 1198 1950 (civile)
1217 1862 1372 1929 Cae·
1558 1864 1788 1930 Caesar
1834 1865 2263 1934 Octavianus„
2296 1917 2310 1931 .
2354 1868 2615 1933 Sextum

223 1994 327 2035 sar
347 1971 679 2055 Augustus
703 1970 1057 2055 (excitavit)
1069 1972 1366 2034 adversus
1457 1970 1830 2054 Pompeium
1875 1969 2070 2037 Cnaei
2094 1974 2383 2058 Pompeii
2408 1975 2614 2039 filium

224 2078 580 2162 complures
641 2078 862 2142 duces:
909 2078 1135 2141 contra
1181 2076 1372 2141 Pom·
1465 2077 1634 2141 bona
1692 2080 1963 2160 paterna
2024 2084 2411 2161 repetentem
2418 2128 2613 2146 .....

226 2183 436 2265 peium
507 2184 797 2248 iuvenem
878 2184 1050 2247 bona
1108 2190 1376 2266 paterna
1467 2183 1810 2265 superavit.

225 2292 635 2372 repetentem.
665 2338 680 2353 .
710 2338 727 2355 .

317 2394 497 2458 Idem
559 2396 757 2459 tradit
817 2394 1042 2459 Florus
1114 2398 1171 2456 II
1191 2442 1206 2471 ,
1259 2384 1376 2473 14,
1430 2396 1505 2459 3:
1557 2395 1836 2478 »quippe
1884 2396 2034 2459 dum
2074 2393 2303 2461 Sextus
2348 2400 2617 2480 paterna

225 2501 489 2582 repetit,
556 2502 940 2584 trepidatum
1002 2502 1142 2563 toto
1209 2500 1434 2562 mari.”
1499 2499 1812 2565 Attamen
1876 2501 2036 2565 aliae
2083 2502 2346 2565 fuerunt
2390 2524 2617 2569 causae

225 2605 411 2683 belli,
476 2608 642 2689 quod
693 2606 1082 2670 Octavianus
1132 2626 1274 2668 cum
1322 2604 1514 2696 Sexto
1563 2605 1866 2689 Pompeio
1910 2606 2140 2689 gessit,
2191 2629 2343 2670 nam
2389 2609 2615 2671 notum

219 2714 318 2774 est
376 2716 523 2795 post
585 2710 870 2777 Caesaris
933 2712 1186 2775 caedem
1236 2709 1528 2774 Antonio
1577 2715 1835 2775 auctore
1884 2711 2077 2775 Sexto
2125 2711 2429 2796 Pompeio
2478 2714 2614 2777 ἀντὶ

221 2826 332 2891 τῆς
395 2817 687 2899 πατρῴας
739 2820 946 2886 οὐσίας
995 2814 1445 2893 δεδημευμένης
1489 2817 1562 2879 ἐκ
1612 2824 1728 2881 τῶν
1764 2824 1965 2881 κοινῶν
2022 2818 2258 2889 δοθῆναι
2316 2819 2616 2898 μυριάδας

221 2922 522 2987 Ἀττικῶν
570 2924 862 3003 δραχμῶν
915 2924 1460 3002 πεντακισχιλίας.
1509 2921 1701 3006 (App.
1757 2922 1896 2987 bell.
1949 2924 2069 2989 civ.
2110 2924 2247 3007 III,
2298 2926 2367 3009 4)

621 3030 812 3114 Amp.
863 3030 970 3094 43.
1714 3029 1791 3093 de
1837 3029 1955 3093 vir.
2003 3029 2095 3095 ill.
2150 3030 2269 3105 77,
2313 3030 2375 3093 8.

313 3132 542 3198 Caesar
587 3134 864 3200 Gallicos
885 3182 900 3213 ‚
943 3132 1206 3199 Crassus
1245 3134 1363 3218 Sy·
1549 3132 1713 3197 Cum
1766 3131 2030 3199 Crassus
2077 3134 2325 3218 Syriam
2346 3182 2361 3211 ,
2388 3134 2620 3201 Caesar

215 3238 423 3303 riacos
447 3240 754 3305 exercitus
777 3240 1074 3305 habebat:
1092 3240 1366 3323 Pompe·
1461 3236 1739 3303 Galliam
1762 3286 1778 3317 ,
1840 3240 2183 3324 Pompeius
2231 3239 2454 3305 urbem
2500 3243 2617 3306 ob-

212 3345 316 3409 ius
360 3344 588 3411 horum
638 3347 878 3410 viribus
917 3346 1120 3410 fretus
1157 3345 1226 3409 in
1265 3367 1364 3409 se·
1457 3344 1708 3409 tineret.

215 3453 378 3518 natu
425 3452 891 3516 dominabatur.

225 3627 230 3633 ,
306 3557 543 3621 Parum
604 3561 896 3622 accurate
950 3560 1015 3621 et
1057 3557 1389 3641 Ampelius
1435 3561 1501 3621 et
1549 3557 2061 3623 Pseudo-Victor
2110 3561 2186 3624 de
2234 3558 2566 3643 provincia
2590 3608 2605 3637 ,

210 3686 375 3748 quae
420 3665 724 3748 Pompeio
772 3665 841 3727 in
886 3664 1098 3746 priore
1143 3663 1553 3727 triumviratu
1601 3664 1865 3727 obvenit
1886 3711 1901 3741 ,
1948 3668 2236 3748 egerunt.

313 3769 589 3854 Uterque
649 3771 818 3834 inter
879 3791 944 3834 se
1007 3770 1297 3834 confudit
1359 3769 1432 3833 P.
1484 3768 1846 3851 Scipionem
1898 3770 2194 3834 Nasicam
2243 3775 2490 3854 patrem
2540 3776 2605 3837 et

140 3952 144 3954 ‚
207 3876 439 3941 filium.

507 3982 700 4066 Amp.
772 3984 891 4059 19,
960 3984 1064 4047 11.
1749 3983 1829 4045 de
1876 3981 1992 4047 vir.
2042 3982 2134 4048 ill.
2203 3986 2311 4049 44.

304 4085 515 4170 Scipio
557 4089 788 4153 Nasica
805 4135 820 4165 ,
863 4088 975 4172 qui
993 4135 1008 4165 ,
1052 4087 1202 4171 quia
1236 4109 1368 4151 non
1552 4087 1817 4152 Publius
1864 4087 2075 4171 Scipio
2126 4086 2361 4155 Nasica
2380 4136 2395 4166 ,
2444 4113 2481 4153 a
2505 4113 2604 4154 se-

209 4191 336 4254 rite
379 4191 796 4276 inauguratus
839 4193 1062 4259 consul
1115 4194 1358 4257 videre-
1453 4197 1611 4255 natu
1652 4193 1747 4256 vir
1786 4194 2065 4277 optimus
2097 4195 2435 4283 iudicatus,
2462 4196 2602 4261 Ma·-

282 4357 338 4426 1)
377 4354 522 4411 Flor.
559 4354 617 4421 I,
654 4356 753 4421 13,
792 4358 842 4410 9.
891 4355 1380 4427 ‚,Apud‚Asculum
1433 4354 1619 4409 melius
1664 4355 1972 4411 dimicatum
2024 4363 2105 4411 est
2144 4357 2305 4413 Curio
2341 4358 2607 4416 Fabricio·

202 4461 312 4512 que
367 4442 730 4500 consulibuS.''
786 4443 872 4496 11.
931 4442 1222 4505 ,Lucaniae
1280 4460 1524 4513 suprema
1559 4460 1739 4513 pugna
1772 4441 1876 4496 fuit
1942 4442 2165 4520 ducibus
2201 4442 2367 4499 isdem
2406 4445 2600 4515 quibus

202 4528 508 4601 superius.'’

2286 4638 2318 4683 4
