3184 5342
1658 391 1747 459 82

511 579 578 642 et
643 576 952 662 quartarii
1018 576 1154 641 vini
1224 576 1320 640 ad
1383 575 1627 639 aedes
1698 574 1913 651 eius,
1987 596 2195 657 quae
2258 574 2341 637 in
2389 596 2571 641 arce
2618 580 2905 653 erant,

518 683 752 749 collata
797 682 994 768 sunt.)
1026 680 1096 767 1).
1145 681 1286 746 Liv.
1337 679 1419 757 V,
1471 681 1577 758 47,
1627 682 1691 757 8,
1741 679 1911 745 Plut.
1962 678 2141 747 Cam.
2193 681 2299 758 27,
2338 679 2529 745 Dion.
2570 680 2717 745 Hal.
2745 681 2907 747 Exc.

515 789 741 856 Ambr.
788 788 992 871 XIII,
1051 789 1128 852 11
1180 787 1492 851 Manlium
1541 785 1707 850 farre
1754 789 1820 851 et
1867 786 2017 851 vino
2060 787 2369 851 donatum
2409 809 2541 853 esse
2579 787 2901 873 referunt,

515 896 690 963 Serv.
741 898 822 960 ad
869 895 1032 961 Aen.
1082 893 1281 977 VIII,
1323 893 1452 957 652
1502 897 1566 957 et
1593 892 2093 957 Pseudo-Victor
2117 892 2212 957 far
2234 897 2491 958 tantum
2518 915 2909 959 commemo-

512 1006 680 1067 rant.
745 1001 823 1066 In
879 1000 960 1068 iis
979 1048 995 1078 ,
1056 1022 1218 1084 quae
1279 998 1789 1064 Pseudo-Victor
1850 999 1927 1062 de
1974 998 2303 1063 Manliana
2346 1000 2653 1065 seditione
2700 1000 2907 1065 tradi-

514 1109 635 1185 dit,
711 1112 846 1171 arte
916 1107 1214 1172 cohaeret
1273 1127 1417 1170 cum
1477 1106 1590 1183 iis,
1657 1127 1823 1189 quae
1884 1105 2111 1169 Livius
2176 1105 2295 1169 hac
2360 1106 2437 1169 de
2498 1128 2567 1170 re
2628 1106 2906 1190 scripsit.

513 1214 648 1281 Soli
686 1214 904 1279 Livius
949 1213 1074 1289 VI,
1135 1215 1219 1279 14
1239 1260 1254 1290 ,
1309 1213 1413 1276 11.
1465 1212 1582 1289 15,
1640 1212 1681 1275 5
1726 1215 1791 1275 et
1836 1210 2346 1294 Pseudo-Victor
2384 1211 2671 1276 referunt
2711 1212 2909 1277 Man-

512 1320 672 1385 lium
733 1324 1026 1384 senatum
1094 1320 1414 1383 incusasse
1459 1320 1633 1402 quod
1680 1317 2012 1383 thesauros
2060 1317 2293 1383 Gallici
2344 1318 2482 1381 auri
2530 1319 2909 1401 occultaret.

515 1427 651 1492 Liv.
703 1425 833 1504 VI,
879 1428 993 1511 17,
1047 1426 1087 1489 6
1129 1430 1194 1488 et
1239 1424 1412 1489 Plut.
1461 1423 1643 1489 Cam.
1696 1426 1781 1489 36
1829 1429 2123 1488 senatum
2150 1472 2166 1501 ,
2217 1427 2605 1489 metuentem
2654 1448 2738 1490 ne
2785 1448 2909 1510 po-

515 1534 704 1618 pulus
747 1552 1061 1597 carcerem
1107 1531 1520 1614 refringeret,
1569 1530 1882 1594 Manlium
1933 1530 2205 1595 vinculis
2255 1530 2555 1596 liberasse
2594 1532 2909 1609 tradunt;

514 1641 683 1705 idem
745 1638 1259 1704 Pseudo-Victor
1317 1637 1528 1701 dicere
1575 1636 1860 1712 videtur,
1913 1636 2022 1700 ubi
2072 1636 2383 1699 Manlium
2434 1637 2700 1720 »populi
2747 1659 2905 1701 con-

517 1748 748 1810 3611311”
803 1744 1142 1809 liberatum
1189 1764 1322 1807 esse
1370 1748 1697 1806 memorat.
1767 1740 1863 1806 De
1910 1740 2140 1807 Manlii
2187 1742 2597 1807 damnatione
2646 1746 2711 1807 et
2758 1765 2916 1827 sup-

507 1852 699 1937 plicio
770 1852 959 1935 plane
1029 1871 1172 1913 cum
1242 1848 1425 1912 Livio
1487 1848 1789 1931 congruit
1814 1846 1887 1933 2).
1960 1847 2191 1911 Manlii
2249 1850 2433 1911 aedes
2479 1869 2725 1912 eversas
2776 1872 2913 1914 esse

510 1962 762 2042 praeter
807 1954 1406 2019 Pseudo-Victorem
1456 1953 1585 2016 Cic.
1636 1954 1713 2016 de
1761 1956 1929 2018 dom.
1980 1955 2084 2030 38,
2146 1955 2295 2032 101,
2344 1953 2515 2018 Plut.
2567 1952 2746 2023 Cam.
2800 1958 2909 2034 36,

509 2062 634 2128 Dio
682 2062 858 2127 Cass.
904 2060 982 2125 fr.
1034 2062 1119 2127 26
1141 2106 1157 2137 ,
1212 2062 1243 2123 1
1296 2059 1737 2134 tradiderunt;
1790 2059 1958 2124 Livii
2012 2061 2334 2123 auctorem
2375 2060 2547 2123 idem
2585 2061 2907 2127 rettulisse

509 2171 660 2234 inde
707 2168 1026 2253 sequitur,
1075 2168 1244 2251 quod
1293 2167 1513 2231 Livius
1561 2168 1784 2237 narrat
1827 2170 1975 2249 post
2016 2165 2250 2228 Manlii
2293 2168 2568 2229 mortem
2594 2168 2674 2231 'ad
2696 2188 2900 2252 popu-

509 2276 642 2340 lum
691 2276 890 2340 latum
943 2295 1074 2339 6336
1121 2295 1203 2337 116
1241 2273 1384 2357 quis
1423 2272 1727 2357 patricius
1751 2271 1821 2335 in
1848 2293 1990 2336 arce
2014 2273 2127 2335 aut
2147 2270 2218 2333 in
2243 2268 2559 2355 Capitolio
2584 2273 2891 2337 habitaret

511 2382 656 2468 (VI,
706 2382 790 2445 20
813 2428 828 2459 ,
884 2382 1014 2465 13).
1063 2379 1196 2445 Soli
1241 2378 1365 2443 Dio
1411 2378 1586 2443 Cass.
1638 2378 1751 2441 1.1.
1800 2383 1865 2441 et
1912 2377 2419 2443 Pseudo-Victor
2465 2378 2693 2443 Manlii
2729 2378 2900 2441 bona

510 2488 840 2572 publicata
900 2507 1034 2551 6336
1093 2484 1512 2549 tradiderunt.
1545 2504 1548 2509 ·
1578 2482 1877 2549 Errorem
1923 2484 2196 2567 denique
2244 2485 2564 2549 commisit
2611 2484 2905 2549 Pseudo-

511 2592 737 2657 Victor
759 2638 775 2669 ,
843 2591 953 2657 ubi
1014 2612 1120 2667 ea,
1169 2610 1332 2673 quae
1377 2591 1457 2652 ad
1505 2589 1735 2652 Manlii
1782 2610 2177 2672 praenomen
2225 2588 2587 2671 pertinent,
2639 2589 2717 2651 de
2767 2590 2905 2653 eius

513 2698 896 2781 cognomine
957 2694 1208 2759 rettulit
1231 2699 1304 2778 ³).
1387 2692 1484 2760 Cf.
1543 2694 1685 2759 Liv.
1751 2694 1883 2771 VI,
1938 2696 2021 2759 20
2044 2742 2059 2773 ,
2116 2695 2231 2772 14,
2279 2691 2407 2758 Cic.
2454 2691 2621 2757 Phil.
2672 2694 2721 2768 Ι,
2777 2694 2861 2757 13
2885 2738 2905 2768 ,

515 2802 639 2878 32,
697 2801 918 2875 Quint.
965 2799 1102 2876 111,
1155 2800 1234 2876 7,
1286 2778 1408 2877 20',
1457 2798 1629 2863 Plut.
1680 2797 1931 2873 Quaest.
1982 2800 2171 2865 Rom.
2220 2799 2342 2876 91,
2393 2797 2510 2863 Dio
2560 2794 2734 2861 cass.
2780 2795 2913 2875 1.1.,

513 2904 679 2973 Fest.
730 2928 778 2971 s.
805 2928 866 2969 v,
916 2904 1222 2971 Manliae.

603 3122 816 3205 Caput
883 3119 1089 3184 XXV.
1153 3118 1290 3184 Iam
1352 3118 1515 3183 Livii
1578 3122 1787 3183 aetate
1850 3140 2091 3204 magna
2150 3123 2289 3183 erat
2348 3117 2781 3183 controversia
2828 3120 2909 3183 de

514 3226 693 3292 Cossi
762 3226 978 3310 spoliis
1046 3224 1292 3308 opimiS.
1370 3222 1540 3288 Nam
1613 3246 1757 3289 cum
1820 3246 2037 3289 omnes
2102 3227 2253 3288 ante
2317 3224 2566 3294 Livium
2615 3230 2909 3290 auctores

512 3332 594 3399 A.
661 3331 1026 3396 Cornelium
1088 3330 1352 3396 Cossum
1414 3331 1747 3395 tribunum
1808 3332 2086 3395 militum
2152 3330 2355 3415 spolia
2418 3332 2635 3414 opima
2681 3351 2909 3395 conse-

517 3442 800 3505 crantem
862 3438 1164 3521 fecerint,
1228 3437 1297 3499 in
1358 3436 1548 3500 titulo
1610 3437 1829 3520 spoliis
1886 3436 2075 3501 affixo
2141 3436 2373 3503 Cossus
2423 3439 2648 3503 consul
2700 3439 2906 3503 dictus

513 3568 646 3611 6336
694 3545 946 3611 videtur
993 3542 1116 3629 (Cf.
1167 3543 1309 3607 Liv.
1355 3541 1474 3621 IV,
1525 3544 1633 3619 20,
1683 3543 1752 3627 6)
1796 3543 1987 3626 idque
2034 3546 2337 3628 congruit
2381 3567 2526 3611 cum
2552 3545 2904 3629 spoliorum

513 3652 870 3735 opimorum
931 3650 1214 3725 ratione3
1283 3670 1397 3714 »ea
1455 3648 1627 3713 enim
1674 3649 1796 3713 rite
1836 3648 2049 3733 opima
2094 3651 2300 3732 spolia
2347 3651 2682 3735 habentur,
2740 3671 2904 3733 quae

514 3761 644 3824 dux
708 3759 851 3824 duci
916 3757 1256 3822 detraxit.”
1321 3756 1536 3821 Livius
1600 3760 1667 3819 et
1725 3778 1947 3823 omnes
2004 3760 2154 3820 ante
2200 3778 2345 3821 eum
2393 3762 2683 3821 auctores
2731 3775 2904 3819 anno

515 3866 645 3931 316
693 3864 937 3949 legatos
983 3862 1204 3946 populi
1249 3862 1524 3927 Romani
1571 3885 1611 3926 a
1658 3861 2074 3927 Fidenatibus
2120 3861 2490 3927 interfectos
2529 3885 2663 3927 esse
2684 3910 2699 3939 ,
2728 3881 2903 3926 anno

514 3973 668 4049 317,
717 3992 859 4035 cum
907 3970 1264 4033 Mamercus
1305 3968 1610 4033 Aemilius
1650 3969 1941 4047 dictator,
1982 3969 2053 4033 L.
2096 3968 2432 4044 Quinctius
2480 3967 2905 4033 Cincinnatus

452 4095 456 4098 “
514 4076 815 4160 magister
899 4076 1182 4160 equitum
1267 4079 1462 4153 esset,
1535 4075 1803 4141 Cossum
1872 4075 2077 4159 spolia
2149 4079 2547 4142 consecrasse
2618 4077 2905 4141 tradunt.

584 4341 640 4409 1)
678 4338 758 4394 Cf.
796 4338 1053 4411 Schwegl.
1091 4338 1164 4393 l.l.

582 4429 638 4497 2)
675 4426 756 4481 Cf.
793 4426 860 4481 de
895 4426 1089 4483 Manlii
1122 4425 1376 4499 supplicio
1418 4445 1578 4499 supra
1617 4447 1669 4499 p.
1708 4429 1797 4483 21.

586 4515 640 4582 3)
677 4512 755 4568 Of.
795 4513 1035 4568 Momms.
1073 4512 1145 4570 l.l.
1181 4532 1231 4585 p.
1271 4513 1497 4586 246-p.
1536 4515 1671 4568 182.
1709 4513 1831 4593 adn.
1872 4515 1957 4569 61.
