3184 5342
1405 418 1492 483 39

234 602 536 687 Eutropii
582 602 950 666 narratione
995 601 1340 666 enucleare.
1390 598 1562 675 Quae
1607 598 1707 662 his
1754 598 1831 662 de
1878 597 2064 662 rebus
2104 595 2453 681 Eutropius
2497 601 2632 662 tra-

241 708 410 774 didit
428 756 444 786 ,
507 730 583 771 ex
631 708 850 772 eodem
895 707 1075 772 fonte
1118 708 1452 790 desumpta
1501 726 1635 770 esse
1682 703 2088 769 manifestum
2137 707 2235 769 est
2257 751 2272 782 ,
2319 706 2490 770 unde
2511 704 2636 770 Dio

243 812 501 879 Cassius
561 814 773 878 hausit
800 812 884 898 1),
949 836 1137 898 quem
1183 833 1372 876 nemo
1419 812 1691 877 eundem
1738 812 2062 874 auctorem
2084 858 2100 887 ‚
2143 831 2334 894 quem
2360 812 2637 879 Pseudo·

241 920 474 985 Victor
533 920 944 1003 excerpserit,
1007 923 1293 983 secutum
1357 940 1488 983 esse
1553 920 1921 981 contendet.
1993 915 2162 981 Nam
2213 916 2336 983 Dio
2387 917 2637 983 Cassius

243 1026 428 1111 (Zon.
479 1025 668 1102 VIII,
720 1025 788 1111 5)
834 1026 1032 1090 tradit
1078 1026 1246 1110 apud
1295 1025 1602 1090 Asculum
1644 1024 1971 1089 Romanos
2009 1024 2266 1108 vicisse,
2318 1024 2639 1109 Pyrrhum

242 1132 651 1197 vulneratum
721 1152 855 1196 esse
925 1133 992 1195 et
1059 1130 1408 1196 Tarentum
1478 1130 1832 1195 discessisse
1898 1131 2033 1210 πρὶν
2097 1131 2237 1205 τοὺς
2302 1131 2637 1209 Ῥωμαίους

247 1238 562 1304 οιῖσθέσθοιι
611 1238 808 1323 (quod
853 1238 1138 1323 profecto
1187 1259 1320 1302 non
1367 1237 1645 1301 multum
1693 1258 1732 1300 a
1776 1234 1933 1320 fuga
1977 1236 2209 1316 differt)
2251 1240 2317 1301 et
2338 1240 2643 1322 sequente

246 1366 420 1409 anno
478 1344 840 1409 Fabricium
903 1346 970 1408 et
1031 1344 1325 1428 Pappum
1391 1344 1685 1407 consules
1748 1346 1973 1407 contra
2022 1363 2164 1406 eum
2212 1342 2437 1409 missos
2483 1366 2635 1410 esse.

247 1452 373 1527 Qui
435 1452 725 1518 consules
786 1455 956 1536 apud
1019 1450 1324 1516 Asculum
1381 1450 1850 1535 pugnaverint,
1901 1449 2181 1514 Zonaras
2229 1470 2361 1513 non
2409 1450 2639 1529 refert,

249 1559 360 1623 sed
405 1558 509 1622 hic
555 1579 689 1622 non
737 1558 819 1621 ab
866 1557 1178 1641 Eutropio
1227 1557 1582 1641 discrepare
1628 1556 1777 1620 inde
1818 1558 2085 1640 apparet
2106 1602 2121 1632 ‚
2165 1556 2336 1639 quod
2375 1553 2640 1619 Decium

249 1666 495 1730 Murem
555 1665 648 1728 ibi
707 1684 1029 1749 pugnasse
1075 1664 1293 1727 tradit.
1365 1661 1539 1738 Quae
1591 1665 1670 1727 de
1714 1662 1945 1726 medici
1994 1661 2360 1747 proditione
2403 1660 2639 1726 Eutro-

250 1771 393 1856 pius
437 1773 660 1834 narrat
705 1771 786 1834 ad
832 1770 1094 1834 verbum
1143 1773 1505 1850 congruunt
1551 1790 1697 1833 cum
1744 1768 1972 1833 Dionis
2018 1767 2405 1851 fragmentO.

584 1876 767 1941 Eutr.
817 1875 885 1940 II
905 1923 920 1953 ‚
975 1876 1077 1939 14.

341 1984 538 2066 Tum,
590 2005 735 2048 cum
781 1982 992 2047 vicina
1030 1984 1238 2046 castra
1259 1981 1395 2066 ipse

252 2090 631 2176 (Fabricius)
671 2093 737 2155 et
769 2111 880 2154 rex
903 2089 1234 2167 haberent,
1265 2111 1400 2153 me-

256 2196 432 2259 dicus
479 2196 708 2279 Pyrrhi
755 2197 834 2260 ad
880 2218 1023 2261 eum
1071 2199 1262 2261 nocte
1285 2216 1395 2260 ve-

255 2301 390 2379 nit,
437 2302 816 2385 promittens
855 2324 921 2365 se
962 2323 1207 2367 veneno
1232 2301 1398 2386 Pyr-

258 2407 447 2470 rhum
494 2406 868 2488 occisurum,
913 2406 965 2469 si
1004 2407 1124 2471 sibi
1161 2406 1403 2491 aliquid

260 2510 667 2596 polliceretur
683 2560 698 2587 ,
802 2533 987 2595 quem
1078 2510 1402 2579 Fabricius

257 2618 546 2681 vinctum
592 2617 809 2681 reduci
846 2616 1030 2683 iussit
1069 2620 1152 2683 ad
1195 2619 1398 2682 domi-

259 2746 412 2789 num
452 2722 826 2807 Pyrrhoque
867 2724 992 2788 dici
1011 2772 1026 2803 ,
1063 2745 1225 2809 quae
1249 2746 1401 2789 con-

258 2834 357 2893 tra
439 2832 635 2913 caput
701 2830 835 2894 eius
907 2830 1184 2895 medicus
1254 2852 1401 2915 spo-

259 2935 601 3020 pondisset.
675 2934 839 3000 Tum
897 2957 1007 3020 rex
1053 2936 1402 3002 admiratus

263 3064 401 3105 eum
445 3040 676 3105 dixisse
696 3043 930 3107 fertur:
973 3066 1004 3102 2>
1017 3042 1136 3106 Ille
1158 3047 1254 3108 est
1275 3042 1400 3107 Fa-

264 3147 497 3211 bricius
517 3194 532 3224 ,
597 3147 707 3229 qui
770 3146 1084 3212 difficilius
1145 3149 1226 3213 ab
1284 3148 1404 3214 ho-

263 3256 512 3319 nestate
531 3300 546 3331 ‚
594 3276 785 3339 quam
835 3254 932 3319 sol
987 3278 1025 3319 a
1065 3277 1253 3321 cursu
1293 3278 1406 3322 suo

263 3361 463 3424 averti
510 3360 784 3444 potest.”

1494 1873 1617 1938 Dio
1658 1872 1829 1939 Cass
1874 1871 1953 1941 fr.
1995 1874 2103 1951 40,
2129 1873 2235 1936 44.
2265 1873 2391 1958 (ed.
2417 1872 2642 1960 Dind.)

1533 1976 1623 2045 ὅτι
1668 1979 2226 2062 ἀντ-καθεζομένων
2264 1981 2433 2058 μετὰ
2459 2004 2643 2059 στροο-

1493 2089 1821 2166 τευμοὶτων
1917 2090 2219 2163 ἀλλήλοις
2309 2087 2643 2166 Φαβρικίου

1491 2196 1597 2260 κοιὶ
1637 2195 1894 2274 Πύρρου,
1928 2196 2075 2275 οένῆρ
2102 2218 2195 2267 τις
2236 2200 2351 2260 τῶν
2377 2195 2509 2273 περὶ
2533 2195 2642 2268 τὴν

1494 2300 1821 2380 θεραπείαν
1885 2306 1991 2365 τοῦ
2052 2300 2366 2381 βασιλέως
2415 2302 2491 2373 ὥς
2540 2303 2640 2366 τὸν

1497 2409 1832 2487 Φαβρίκιον
1918 2409 2183 2488 ἄφίκετο
2266 2406 2640 2485 δηλητηρίοις

1493 2513 1852 2594 φαρμάκοις
1893 2514 1899 2519 ’
1938 2515 2179 2580 ἀνελεῖν
2247 2512 2352 2578 τόν
2420 2512 2646 2592 Πύρρον

1493 2619 1935 2701 ὑφιστάμενος,
1982 2619 2039 2684 εἴ
2074 2616 2135 2684 οἵ
2157 2644 2247 2690 τις
2276 2618 2463 2691 δοθείη
2498 2622 2645 2699 παρ’

1492 2730 1685 2792 αὐτοῦ
1751 2726 2095 2809 χρημάτων
2145 2726 2454 2806 ὠφέλειαι·
2504 2716 2566 2789 ὃν
2614 2725 2641 2789 ὅ

1496 2833 1828 2913 Φαβρίκιος
1938 2834 2392 2910 ἀποστυγήσοος
2484 2834 2643 2897 ἄπο-

1496 2939 1734 3016 πέμπει
1800 2939 1883 3019 τῷ
1935 2939 2139 3019 Πύρρῳ
2188 2938 2449 3015 δέσμιον.
2501 2938 2526 3000 ὃ
2578 2940 2642 3003 δὲ

1498 3044 1719 3124 Πύρρος
1783 3044 2083 3123 ἀγασθεὶς
2136 3044 2486 3121 ἆνοιβοῆσοοι
2535 3044 2646 3107 λέ-

1499 3175 1715 3229 γεται.
1752 3150 1928 3223 οὗτός
1988 3153 2116 3216 ἔστι
2169 3149 2535 3230 Φοὶβρίκιος,
2584 3146 2645 3215 ὃν

1504 3256 1971 3338 δυσχερέστερον
2006 3255 2081 3321 ἄν
2108 3280 2199 3328 τις
2226 3255 2647 3337 παρατρέψειε

1503 3373 1616 3439 τῆς
1672 3364 1898 3437 οἰκείοις
1956 3366 2176 3445 αἱρετῆς
2226 3363 2259 3439 ἢ
2310 3370 2420 3436 τῆς
2470 3366 2649 3439 συνή-

1508 3471 1637 3542 θους
1687 3470 1932 3551 πορείοος
1981 3470 2084 3534 τὸν
2129 3468 2359 3546 ἤλιον.”

348 3573 687 3639 Praeterea
746 3573 1215 3640 admonendum
1267 3581 1590 3642 auctorem
1612 3625 1627 3656 ‚
1677 3600 1711 3642 e
1758 3599 1885 3662 quo
1933 3574 2446 3642 Pseudo-Victor
2490 3598 2649 3661 pen-

261 3679 439 3756 deat,
503 3679 557 3743 si
620 3679 880 3746 Florum
929 3685 1180 3747 secutus
1229 3686 1426 3761 esset,
1476 3684 1542 3746 id
1563 3731 1578 3762 ,
1630 3686 1801 3767 quod
1849 3704 2158 3767 negamus
2178 3730 2193 3761 ‚
2243 3686 2649 3747 narraturum

261 3783 449 3849 fuisse
495 3786 809 3852 medicum
857 3789 936 3851 ad
977 3786 1238 3854 Curium
1287 3810 1421 3853 non
1470 3789 1552 3852 ad
1592 3787 1957 3853 Fabricium
2006 3789 2269 3854 venisse.
2301 3788 2355 3875 2)

352 3889 471 3955 His
519 3893 814 3958 omnibus
859 3894 1184 3978 perpensis
1231 3894 1562 3959 Enmanni
1610 3895 1687 3960 de
1734 3893 2029 3979 Eutropii
2073 3894 2361 3959 fontibus
2399 3893 2648 3960 coniec-

264 3998 408 4061 tura
453 3998 768 4064 reicienda
815 4021 949 4064 esse
991 3999 1150 4064 mihi
1195 4000 1466 4067 videtur.

334 4202 392 4271 1)
429 4202 725 4275 Descriptio
769 4220 979 4275 pugnae
1025 4201 1166 4276 apud
1212 4203 1497 4270 Asculum,
1557 4222 1693 4275 quae
1728 4204 1872 4277 apud
1911 4204 2158 4260 Orosium
2197 4202 2297 4268 IV,
2332 4204 2363 4256 1
2380 4244 2396 4267 ,
2436 4201 2647 4255 19—23

259 4287 480 4360 legitur,
519 4307 727 4359 quoque
763 4307 881 4344 cum
916 4289 1158 4362 Eutropii
1195 4289 1495 4345 narratione
1533 4290 1798 4346 convenit.

332 4376 390 4445 2)
437 4374 517 4429 Cf.
557 4374 696 4429 Flor.
734 4375 793 4442 Ι,
834 4376 902 4429 13
921 4420 934 4447 ,
971 4378 1055 4431 21.
1094 4376 1200 4445 Qui
1231 4395 1388 4447 porro
1426 4376 1522 4447 ipsi
1558 4376 1749 4431 duces!
1787 4377 1869 4433 vel
1904 4376 1961 4431 in
1992 4374 2209 4441 castris,
2242 4392 2361 4429 cum
2391 4373 2647 4430 medicum

254 4461 441 4516 venale
476 4460 618 4534 regis
653 4466 813 4534 caput
848 4462 1151 4519 offerentem
1189 4462 1232 4517 C
1247 4482 1285 4517 u
1299 4462 1447 4518 rius
1483 4462 1704 4518 remisit.
