3184 5342
1411 411 1492 475 41

242 598 490 662 fontem
553 595 882 681 Ampelius
943 596 1266 660 interdum
1329 595 1470 660 aliis
1531 595 1821 660 fontibus
1889 617 2041 660 usus
2111 597 2207 659 est
2227 642 2243 672 ,
2304 594 2373 657 id
2394 640 2409 671 ‚
2468 592 2639 677 quod

233 702 484 768 duobus
547 702 704 767 locis
765 703 877 788 (18
899 750 914 781 ‚
985 701 1090 768 25.
1143 702 1262 781 30,
1315 701 1384 788 5)
1411 700 1463 789 1)
1503 706 1641 787 ipse
1687 702 2045 787 profitetur.
2099 699 2421 776 Quaedam
2467 699 2638 763 enim

230 812 401 895 apud
464 831 609 874 eum
663 808 1114 887 inveniuntur,
1175 830 1338 894 quae
1404 830 1664 894 prorsus
1730 809 2094 893 discrepant
2157 807 2240 871 ab
2304 806 2420 891 iis,
2474 826 2637 889 quae

229 915 744 982 Pseudo-Victor
787 908 1097 981 tradidit(
1149 917 1452 980 Attamen
1503 915 1576 979 in
1623 914 1723 981 his
1770 915 1957 980 rebus
2004 936 2251 979 summa
2297 911 2631 997 vigilantia

228 1023 592 1088 adhibenda
637 1026 753 1086 est.
801 1018 972 1087 Nam
1015 1044 1150 1087 non
1190 1044 1318 1086 uno
1357 1022 1498 1087 loco
1538 1022 1658 1087 hae
1688 1022 2151 1106 discrepantiae
2189 1018 2468 1103 Ampelii
2492 1022 2631 1082 tex-

229 1130 327 1194 tui
372 1133 627 1213 recepto
675 1128 1050 1193 tribuendae
1099 1132 1252 1193 sunt
1278 1178 1295 1211 ,
1346 1129 1457 1212 qui
1506 1150 1639 1193 uno
1694 1132 1951 1193 tantum
1978 1128 2191 1193 codice
2217 1126 2447 1191 nititur
2472 1124 2637 1209 (cod.

229 1235 340 1303 lat.
419 1236 638 1300 10383
697 1235 767 1299 in
831 1235 984 1301 bibl.
1049 1234 1377 1319 Monach.)
1441 1235 1825 1321 apographo
1898 1234 2101 1299 Iureti
2149 1232 2417 1311 codicis,
2466 1233 2637 1315 quod

230 1341 609 1407 Salmasium
669 1364 784 1406 sua
847 1364 1044 1406 manu
1106 1342 1508 1426 descripsisse
1572 1343 1704 1407 veri
1766 1342 1973 1405 simile
2024 1346 2122 1405 est
2189 1338 2313 1425 (Of.
2370 1338 2631 1404 Salmas.

235 1447 434 1533 praef.
473 1449 554 1512 ad
595 1446 763 1514 Flor.
804 1450 868 1511 et
906 1450 1094 1533 Amp.
1139 1448 1285 1513 edit.
1329 1450 1396 1513 ct
1418 1447 1697 1515 Woelffl.
1735 1448 1821 1513 l.l.
1854 1468 1923 1531 p:
1946 1447 2218 1533 8—13).
2270 1447 2347 1511 Id
2372 1464 2644 1530 apogra-

237 1555 413 1639 phon
433 1603 448 1632 ,
477 1557 647 1638 quod
672 1554 904 1618 codicis
924 1554 1132 1619 instar
1156 1554 1521 1619 habendum
1549 1577 1682 1619 6336
1698 1552 2103 1620 Woelfflinus
2137 1556 2311 1617 recte
2333 1551 2640 1634 coniecit,

241 1660 486 1726 mendis
547 1664 784 1726 scatere
854 1660 1126 1726 videtur.
1192 1660 1412 1745 Neque
1474 1659 2041 1726 Pseudo-Victoris
2094 1662 2306 1723 textus
2350 1660 2641 1741 receptus

239 1767 472 1851 ubique
527 1762 608 1831 ad
661 1767 1050 1852 optimorum
1103 1767 1389 1831 codicum
1428 1766 1621 1831 fidem
1672 1767 2024 1851 castigatus
2072 1767 2171 1830 est
2190 1766 2264 1852 ²).
2314 1764 2648 1829 Praeterea

243 1874 575 1939 nonnullis
637 1875 794 1939 locis
856 1872 1366 1939 Pseudo-Victor
1421 1881 1486 1938 et
1531 1873 1871 1958 Ampelius
1915 1874 2087 1938 inter
2117 1895 2199 1956 *se
2244 1874 2608 1955 discrepant
2628 1918 2644 1948 ,

245 1984 420 2067 quod
466 1981 911 2066 neglegentius
961 1983 1286 2045 auctorem
1335 2002 1517 2045 suum
1564 1983 2039 2065 excerpserunt.

241 2285 504 2359 capitibus
539 2285 694 2341 huius
729 2286 890 2341 fontis
928 2286 1150 2359 vestigia
1179 2285 1400 2341 inveniri
1429 2286 1894 2349 existimaverunt,
1925 2282 2017 2339 ubi
2048 2300 2133 2337 res
2164 2285 2447 2337 narrentur
2462 2324 2477 2347 ,
2503 2298 2639 2352 quae

240 2392 271 2428 6
319 2372 549 2429 vitarum
597 2372 830 2443 quodam
879 2371 1016 2428 libro
1063 2372 1276 2427 fluxisse
1322 2372 1542 2444 possint.
1600 2371 1733 2437 Sed,
1782 2375 1845 2425 ut
1892 2388 2054 2442 supra
2103 2368 2337 2433 ostendi,
2388 2368 2489 2421 hae
2526 2385 2643 2421 sen-

242 2460 444 2515 tentiae
499 2460 657 2515 nullis
709 2459 873 2514 firmis
929 2459 1253 2531 argumentis
1307 2459 1572 2515 nituntur.
1628 2459 1883 2512 Attamen
1935 2457 1980 2512 si
2032 2474 2095 2511 ea
2108 2499 2123 2522 ,
2177 2472 2313 2526 quae
2362 2453 2419 2509 in
2458 2452 2643 2507 ceteris

243 2546 527 2618 capitibus,
579 2547 674 2602 ubi
719 2546 785 2601 de
833 2547 992 2603 rebus
1041 2545 1296 2600 Romanis
1345 2546 1545 2617 agitur,
1610 2545 1958 2618 perlegimus,
1998 2542 2235 2599 videmus
2272 2543 2435 2612 caput
2470 2542 2539 2595 46
2578 2558 2645 2594 ex

243 2633 428 2690 eodem
463 2633 611 2689 fonte
648 2652 887 2689 manasse
925 2652 1030 2703 quo
1073 2636 1232 2705 caput
1268 2634 1355 2689 18.

633 2722 794 2791 Amp.
833 2722 934 2785 18,
979 2722 1030 2775 6.
1876 2718 2033 2788 Amp.
2073 2718 2172 2781 46,
2212 2718 2263 2769 6.

317 2806 470 2861 Alter
499 2806 696 2863 Fabius
724 2806 1040 2861 Annibalem
1070 2824 1250 2860 mora
1281 2806 1307 2859 f
1318 2824 1408 2860 re·
1531 2805 1747 2875 ‚Fabius
1804 2804 1915 2859 sive
1973 2804 2291 2867 Cunctator,
2342 2801 2435 2872 qui
2482 2798 2647 2855 immi-

245 2892 376 2966 git,
427 2911 493 2947 ex
537 2911 644 2963 quo
694 2892 987 2947 Cunctator
1023 2895 1102 2946 est
1141 2891 1403 2963 cognomi·
1475 2894 1692 2945 nentem
1724 2890 1870 2945 urbis
1902 2888 2107 2945 excidio
2128 2888 2441 2943 Annibalem
2463 2903 2649 2940 mora

245 2983 421 3035 natus.
1478 2977 1714 3048 fregit.
2510 2994 2515 2999 “

320 3064 399 3123 Cf.
435 3064 502 3119 de
537 3064 634 3119 vir.
671 3064 745 3119 iu.
781 3066 879 3129 43,
920 3067 968 3119 2.
1009 3064 1208 3120 Fabius
1247 3064 1540 3119 Cunctator
1577 3061 1936 3117 Hannibalem
1978 3078 2159 3115 mora
2197 3058 2434 3130 fregit.

619 3152 778 3223 Amp.
818 3153 916 3215 18,
956 3151 1042 3205 12.
1191 3164 1195 3169 ’
1874 3149 2033 3219 Amp.
2071 3149 2171 3212 46,
2212 3148 2261 3200 6.

326 3237 501 3302 Nero,
548 3237 641 3307 qui
688 3239 983 3293 venientem
1032 3236 1100 3292 ab
1146 3236 1410 3307 Hispania
1554 3236 1703 3289 Nero
1718 3277 1733 3300 ,
1786 3234 1877 3305 qui
1924 3234 2218 3289 venientem
2266 3232 2334 3287 ab
2387 3228 2646 3303 Hispania

245 3324 599 3380 Asdrubalem
645 3324 854 3397 excepit
897 3324 1174 3395 copiasque
1201 3323 1323 3395 ⁴eius
1345 3365 1357 3378 .
1381 3364 1394 3378 .
1467 3321 1819 3378 Asdrubalem
1846 3366 1856 3376 .
1881 3363 1895 3377 .
1916 3363 1929 3375 .
1968 3320 2275 3392 priusquam
2305 3336 2361 3373 se
2379 3317 2648 3384 Annibali

243 3410 471 3475 devicit,
537 3410 656 3480 qui,
719 3399 782 3465 31
827 3430 884 3465 36
937 3429 1055 3465 611111
1125 3410 1387 3464 Annibale
1428 3410 1821 3479 iungeret,
1867 3408 2073 3478 excepit
2110 3411 2167 3461 et
2206 3404 2410 3477 ingenti
2442 3403 2641 3475 proelio

244 3493 624 3561 iunxisset,
707 3496 937 3552 dubitari
1007 3514 1113 3551 non
1183 3499 1396 3568 potest,
1470 3494 1615 3551 vicit.

245 3602 428 3654 parem
484 3583 594 3639 eius
623 3584 876 3656 populum
912 3584 1216 3638 Romanum
1261 3582 1402 3638 futu-

248 3688 366 3725 rum
403 3688 510 3725 non
539 3671 718 3731 fuisse.

325 3755 403 3811 Cf.
453 3756 518 3811 de
564 3757 664 3811 vir.
713 3757 786 3811 ill.
833 3760 902 3811 48
917 3800 931 3820 ,
982 3760 1031 3811 1.
1080 3756 1454 3811 Hasdrubal..
1503 3754 1805 3827 ingentibus
1856 3753 2020 3823 copiis
2069 3753 2125 3807 in
2181 3750 2390 3806 Italiam
2438 3751 2647 3808 traiecit

247 3846 529 3914 actumque
563 3848 680 3898 erat
713 3842 778 3898 de
816 3844 1059 3899 Romano
1091 3842 1338 3916 imperi0,
1377 3844 1422 3897 si
1454 3843 1751 3913 iungere
1790 3860 1847 3895 se
1886 3838 2176 3895 Hannibali
2212 3838 2490 3910 potuisset.
2541 3838 2647 3893 Sed

249 3928 501 3985 Claudius
539 3930 686 3985 Nero
706 3970 718 3983 .
740 3970 753 3983 .
779 3973 789 3985 .
814 3973 824 3985 .
869 3930 1258 3987 Hasdrubalem
1299 3930 1450 3985 vicit.

323 4016 496 4088 Caput
533 4018 604 4070 44
640 4034 707 4071 ex
743 4015 926 4071 eodem
958 4017 1114 4072 fonte
1151 4035 1389 4071 manasse
1427 4015 1661 4081 videtur,
1702 4033 1812 4085 quo
1853 4017 2013 4085 caput
2050 4015 2117 4067 47
2134 4056 2147 4077 ,
2189 4031 2308 4067 nam
2347 4012 2403 4066 in
2420 4015 2649 4081 utroque
2682 4007 2687 4014 ’

249 4103 422 4173 capite
457 4103 746 4159 Flaminius
781 4108 836 4159 et
871 4103 1198 4159 Flamininus
1233 4104 1372 4158 inter
1408 4122 1464 4158 se
1501 4101 1912 4157 confunduntur.
1956 4100 2059 4171 (Cf.
2101 4100 2167 4154 (16
2204 4099 2300 4154 vir.
2337 4098 2410 4152 ill.
2448 4099 2560 4167 51).
2579 4097 2647 4151 In

244 4189 420 4259 capite
457 4192 524 4243 43
562 4190 796 4245 eiusdem
831 4191 994 4245 fontis
1033 4191 1258 4262 vestigia
1293 4189 1671 4254 inveniuntur,
1707 4208 1736 4244 6
1773 4207 1879 4259 (1110
1919 4187 1985 4242 (16
2021 4187 2115 4241 vir.
2154 4185 2226 4240 ill.
2270 4188 2365 4249 77,
2388 4186 2417 4237 8
2440 4183 2649 4239 fluxisse

241 4275 472 4331 videtur.
510 4278 780 4349 Ampelius
815 4278 953 4333 enim
991 4284 1046 4332 et
1081 4276 1500 4332 Pseudo-Victor
1543 4294 1727 4346 parum
1769 4278 1914 4330 recte
1949 4273 2170 4328 tradunt
2200 4274 2255 4327 in
2276 4271 2443 4343 primo
2463 4269 2647 4325 trium-

242 4365 423 4420 viratu
472 4365 749 4420 Caesarem
795 4366 1048 4430 Galliam,
1091 4364 1336 4419 Crassum
1375 4363 1582 4436 Syriam
1629 4365 1686 4417 et
1721 4360 2031 4434 Pompeium
2071 4380 2106 4415 u
2124 4361 2303 4415 rbem
2342 4357 2649 4414 obtinuisse.

244 4451 378 4522 931)
419 4450 497 4507 Of.
533 4470 692 4524 supra
730 4470 780 4522 p.
821 4453 888 4507 32
929 4450 1051 4506 adn.
1091 4453 1142 4505 2.

324 4538 382 4608 2)
429 4537 508 4593 Cf.
543 4537 694 4594 Hild.
731 4537 804 4593 l.l.
841 4557 894 4609 p.
936 4539 1020 4593 81.
