3184 5342
1391 415 1472 478 15

250 597 486 663 talibus
532 598 722 663 rebus
772 598 1071 663 uteretur.
1122 595 1346 680 Neque
1394 596 1761 660 mirandum
1814 600 1911 662 est
1947 598 2554 665 Pseudo-Victorem
2578 605 2643 666 et

252 704 530 788 elogium
553 752 568 781 ‚
631 704 880 767 etiamsi
934 702 1112 766 nulla.
1157 702 1330 766 inter
1379 723 1484 765 eos
1539 705 1745 767 exstet
1792 703 2105 782 affinitas,
2152 727 2639 792 nonnumquam

251 811 470 874 eadem
525 810 747 874 iisdem
808 809 938 873 fere
1002 809 1212 874 verbis
1277 830 1556 871 narrare.
1606 808 1773 873 Nam
1826 832 1900 873 ex
1947 810 2087 893 ipsa
2133 812 2224 876 rei
2270 816 2503 878 natura
2549 836 2641 878 se-

250 916 484 1000 quitur,
561 919 659 989 ut,
711 916 763 979 si
809 916 921 1000 qui
966 915 1256 979 homines
1302 917 1380 977 de
1426 914 1649 978 iisdem
1690 916 1887 980 'rebus
1936 939 2128 1000 quam
2176 917 2638 1003 simplicissime

249 1024 315 1085 et
374 1044 566 1106 quam
629 1022 996 1086 brevissime
1043 1023 1279 1105 agant,
1328 1042 1517 1105 saepe
1560 1020 1784 1085 iisdem
1832 1022 2041 1086 verbis
2088 1027 2307 1089 eadem
2354 1027 2640 1091 tradant.

249 1127 539 1212 Denique
598 1128 740 1212 quis
797 1131 895 1192 est
957 1126 1116 1210 quin
1176 1129 1370 1209 neget
1429 1146 1560 1189 non
1622 1127 1855 1192 ideireo
1902 1127 2513 1195 Pseudo-Victorem
2560 1154 2638 1197 ex

248 1234 454 1315 elogio
501 1236 778 1318 pendere
797 1280 811 1307 ,
862 1235 1031 1316 quod
1077 1235 1344 1316 uterque
1390 1230 1663 1297 Sabinos
1702 1233 1783 1297 ab
1818 1232 2030 1318 Appio
2070 1233 2335 1300 Claudio
2359 1237 2637 1302 domitos

249 1361 382 1405 esse
427 1342 690 1405 narret?
758 1339 1029 1404 Etiamsi
1077 1339 1268 1403 ceteri
1315 1338 1435 1402 hae
1481 1340 1560 1403 de
1605 1361 1671 1403 re
1720 1342 1971 1416 tacent,
2024 1342 2095 1405 in
2146 1344 2476 1409 nonnullis
2515 1366 2634 1409 an-

251 1445 506 1509 nalibus
574 1445 676 1510 vel
743 1445 812 1508 in
883 1444 1023 1509 aliis
1092 1444 1373 1528 scriptis,
1437 1466 1602 1528 quae
1666 1445 1851 1509 nobis
1912 1446 2241 1531 deperdita
2310 1451 2499 1527 sunt,
2571 1450 2633 1514 id

250 1552 555 1616 traditum
602 1552 792 1616 fuisse
836 1550 971 1615 veri
1015 1550 1220 1616 simile
1266 1554 1396 1627 est,
1447 1551 1623 1614 unde⁴
1664 1555 1953 1616 auctores
1974 1599 1989 1629 ‚
2038 1575 2196 1637 quos
2244 1557 2511 1640 uterque
2536 1577 2634 1621 se-

237 1662 420 1722 cutus
467 1660 596 1735 est,
646 1680 760 1722 sua
811 1658 1161 1722 hauserint.
1427 1639 1442 1651 ’
2270 1664 2274 1669 ’

327 1763 446 1829 His
493 1763 790 1828 omnibus
837 1763 1142 1847 expositis
1185 1764 1253 1826 et
1295 1761 1623 1849 perpensis
1646 1784 1748 1839 ea,
1776 1786 1937 1847 quae
1962 1765 2040 1829 de
2063 1764 2631 1831 Pseudo-Victoris

236 1891 380 1934 oum
446 1870 670 1954 elogiis
731 1890 1044 1933 consensu
1109 1866 1406 1932 nonnulli
1451 1868 1572 1932 viri
1623 1869 1792 1933 docti
1838 1870 2249 1954 seripserunt,
2299 1893 2427 1935 non
2476 1872 2631 1937 satis

237 1975 438 2039 firmis
484 1975 882 2059 argumentis
929 1975 1052 2038 niti
1096 1974 1361 2058 ideoque
1406 1972 1725 2038 reicienda
1772 1996 1905 2040 esse
1954 1976 2112 2040 mihi
2159 1977 2477 2043 videntur.
