<?xml version="1.0" encoding="UTF-8"?>
<!DOCTYPE html PUBLIC "-//W3C//DTD XHTML 1.0 Transitional//EN"
    "http://www.w3.org/TR/xhtml1/DTD/xhtml1-transitional.dtd">
<html xmlns="http://www.w3.org/1999/xhtml" xml:lang="en" lang="en">
 <head>
  <title>
</title>
<meta http-equiv="Content-Type" content="text/html;charset=utf-8" />
  <meta name='ocr-system' content='tesseract 3.04.00' />
  <meta name='ocr-capabilities' content='ocr_page ocr_carea ocr_par ocr_line ocrx_word'/>
</head>
<body>
  <div class='ocr_page' id='page_1' title='image "./defontibusexqui00vinkgoog_0070.png"; bbox 0 0 3184 5342; ppageno 0'>
   <div class='ocr_carea' id='block_1_1' title="bbox 1708 355 1791 419">
    <p class='ocr_par' dir='ltr' id='par_1_1' title="bbox 1708 355 1791 419">
     <span class='ocr_line' id='line_1_1' title="bbox 1708 355 1791 419; baseline 0.012 -1"><span class='ocrx_word' id='word_1_1' title='bbox 1708 355 1791 419; x_wconf 84' lang='lat'><strong>58</strong></span> 
     </span>
    </p>
   </div>
   <div class='ocr_carea' id='block_1_2' title="bbox 564 535 2956 3791">
    <p class='ocr_par' dir='ltr' id='par_1_2' title="bbox 564 535 2956 3791">
     <span class='ocr_line' id='line_1_2' title="bbox 566 535 2949 621; baseline 0 -22"><span class='ocrx_word' id='word_1_2' title='bbox 566 538 900 621; x_wconf 83' lang='lat' dir='ltr'>praecipue</span> <span class='ocrx_word' id='word_1_3' title='bbox 947 535 1258 601; x_wconf 86' lang='lat' dir='ltr'><strong>adhibuit.</strong></span> <span class='ocrx_word' id='word_1_4' title='bbox 1332 536 1518 601; x_wconf 90' lang='lat' dir='ltr'><strong>Unus</strong></span> <span class='ocrx_word' id='word_1_5' title='bbox 1567 536 2076 602; x_wconf 87' lang='lat' dir='ltr'><strong>Pseudo-Victor</strong></span> <span class='ocrx_word' id='word_1_6' title='bbox 2126 538 2323 601; x_wconf 90' lang='lat' dir='ltr'><strong>tradit</strong></span> <span class='ocrx_word' id='word_1_7' title='bbox 2367 537 2647 602; x_wconf 80' lang='lat' dir='ltr'><strong>Numam</strong></span> <span class='ocrx_word' id='word_1_8' title='bbox 2687 537 2949 620; x_wconf 89' lang='lat' dir='ltr'><strong>Pompi-</strong></span> 
     </span>
     <span class='ocr_line' id='line_1_3' title="bbox 564 638 2951 708; baseline 0 -2"><span class='ocrx_word' id='word_1_9' title='bbox 564 644 720 707; x_wconf 90' lang='lat' dir='ltr'><strong>lium</strong></span> <span class='ocrx_word' id='word_1_10' title='bbox 791 643 1230 707; x_wconf 75' lang='lat' dir='ltr'><strong>addicentibus</strong></span> <span class='ocrx_word' id='word_1_11' title='bbox 1299 642 1520 707; x_wconf 84' lang='lat' dir='ltr'><strong>avibus</strong></span> <span class='ocrx_word' id='word_1_12' title='bbox 1593 642 1862 707; x_wconf 83' lang='lat' dir='ltr'><strong>Romam</strong></span> <span class='ocrx_word' id='word_1_13' title='bbox 1933 643 2195 708; x_wconf 84' lang='lat' dir='ltr'><strong>venisse.</strong></span> <span class='ocrx_word' id='word_1_14' title='bbox 2268 643 2578 707; x_wconf 89' lang='lat' dir='ltr'><strong>Attamen</strong></span> <span class='ocrx_word' id='word_1_15' title='bbox 2642 638 2763 707; x_wconf 81' lang='lat' dir='ltr'><strong>lioc</strong></span> <span class='ocrx_word' id='word_1_16' title='bbox 2809 642 2951 706; x_wconf 90' lang='lat' dir='ltr'><strong>loco</strong></span> 
     </span>
     <span class='ocr_line' id='line_1_4' title="bbox 565 747 2949 831; baseline 0 -19"><span class='ocrx_word' id='word_1_17' title='bbox 565 748 1006 831; x_wconf 82' lang='lat' dir='ltr'><strong>neglegentius</strong></span> <span class='ocrx_word' id='word_1_18' title='bbox 1070 748 1134 811; x_wconf 91' lang='lat' dir='ltr'><strong>id</strong></span> <span class='ocrx_word' id='word_1_19' title='bbox 1197 748 1365 831; x_wconf 87' lang='lat' dir='ltr'><strong>quod</strong></span> <span class='ocrx_word' id='word_1_20' title='bbox 1429 748 1667 813; x_wconf 85' lang='lat' dir='ltr'><strong>factum</strong></span> <span class='ocrx_word' id='word_1_21' title='bbox 1730 752 1828 812; x_wconf 92' lang='lat' dir='ltr'><strong>est</strong></span> <span class='ocrx_word' id='word_1_22' title='bbox 1890 770 2175 813; x_wconf 90' lang='lat' dir='ltr'><strong>narrasse</strong></span> <span class='ocrx_word' id='word_1_23' title='bbox 2238 750 2503 813; x_wconf 83' lang='lat' dir='ltr'><strong>videtur.</strong></span> <span class='ocrx_word' id='word_1_24' title='bbox 2580 747 2746 812; x_wconf 91' lang='lat' dir='ltr'><strong>Nam</strong></span> <span class='ocrx_word' id='word_1_25' title='bbox 2810 747 2949 812; x_wconf 84' lang='lat' dir='ltr'><strong>Liv.</strong></span> 
     </span>
     <span class='ocr_line' id='line_1_5' title="bbox 564 851 2951 937; baseline -0.001 -19"><span class='ocrx_word' id='word_1_26' title='bbox 564 853 616 929; x_wconf 91' lang='lat' dir='ltr'><strong>I,</strong></span> <span class='ocrx_word' id='word_1_27' title='bbox 695 854 794 926; x_wconf 84' lang='grc'><strong>18,</strong></span> <span class='ocrx_word' id='word_1_28' title='bbox 864 853 925 928; x_wconf 88' lang='grc'><strong>6,</strong></span> <span class='ocrx_word' id='word_1_29' title='bbox 977 852 1164 918; x_wconf 88' lang='lat' dir='ltr'><strong>Dion.</strong></span> <span class='ocrx_word' id='word_1_30' title='bbox 1212 852 1358 918; x_wconf 88' lang='lat' dir='ltr'><strong>Hal.</strong></span> <span class='ocrx_word' id='word_1_31' title='bbox 1407 853 1508 930; x_wconf 88' lang='grc' dir='ltr'><strong>ΙΙ,</strong></span> <span class='ocrx_word' id='word_1_32' title='bbox 1561 855 1667 929; x_wconf 88' lang='grc'><strong>60,</strong></span> <span class='ocrx_word' id='word_1_33' title='bbox 1707 854 1877 919; x_wconf 92' lang='lat' dir='ltr'><strong>Plut.</strong></span> <span class='ocrx_word' id='word_1_34' title='bbox 1926 851 2139 919; x_wconf 83' lang='lat' dir='ltr'><strong>Numa</strong></span> <span class='ocrx_word' id='word_1_35' title='bbox 2195 856 2228 919; x_wconf 84' lang='lat'><strong>7</strong></span> <span class='ocrx_word' id='word_1_36' title='bbox 2280 853 2569 918; x_wconf 88' lang='lat' dir='ltr'><strong>referunt</strong></span> <span class='ocrx_word' id='word_1_37' title='bbox 2612 853 2951 937; x_wconf 83' lang='lat' dir='ltr'><strong>augurium</strong></span> 
     </span>
     <span class='ocr_line' id='line_1_6' title="bbox 566 957 2951 1043; baseline -0 -21"><span class='ocrx_word' id='word_1_38' title='bbox 566 962 711 1043; x_wconf 88' lang='lat' dir='ltr'><strong>post</strong></span> <span class='ocrx_word' id='word_1_39' title='bbox 775 957 1022 1022; x_wconf 84' lang='lat' dir='ltr'><strong>Numae</strong></span> <span class='ocrx_word' id='word_1_40' title='bbox 1085 958 1429 1022; x_wconf 84' lang='lat' dir='ltr'><strong>adventum</strong></span> <span class='ocrx_word' id='word_1_41' title='bbox 1490 961 1742 1023; x_wconf 90' lang='lat' dir='ltr'><strong>demum</strong></span> <span class='ocrx_word' id='word_1_42' title='bbox 1809 963 2065 1043; x_wconf 88' lang='lat' dir='ltr'><strong>captum</strong></span> <span class='ocrx_word' id='word_1_43' title='bbox 2133 981 2285 1025; x_wconf 89' lang='lat' dir='ltr'><strong>esse.</strong></span> <span class='ocrx_word' id='word_1_44' title='bbox 2343 959 2439 1023; x_wconf 93' lang='lat' dir='ltr'><strong>De</strong></span> <span class='ocrx_word' id='word_1_45' title='bbox 2481 959 2711 1024; x_wconf 89' lang='lat' dir='ltr'><strong>Vestae</strong></span> <span class='ocrx_word' id='word_1_46' title='bbox 2760 959 2951 1034; x_wconf 84' lang='lat' dir='ltr'><strong>aede,</strong></span> 
     </span>
     <span class='ocr_line' id='line_1_7' title="bbox 567 1062 2952 1148; baseline -0 -21"><span class='ocrx_word' id='word_1_47' title='bbox 567 1085 758 1148; x_wconf 87' lang='lat' dir='ltr'><strong>quam</strong></span> <span class='ocrx_word' id='word_1_48' title='bbox 829 1062 1341 1128; x_wconf 88' lang='lat' dir='ltr'><strong>Pseudo-Victor</strong></span> <span class='ocrx_word' id='word_1_49' title='bbox 1408 1087 1447 1128; x_wconf 90' lang='lat' dir='ltr'><strong>a</strong></span> <span class='ocrx_word' id='word_1_50' title='bbox 1513 1063 1729 1128; x_wconf 88' lang='lat' dir='ltr'><strong>Numa</strong></span> <span class='ocrx_word' id='word_1_51' title='bbox 1794 1065 2186 1130; x_wconf 89' lang='lat' dir='ltr'><strong>aedificatam</strong></span> <span class='ocrx_word' id='word_1_52' title='bbox 2250 1087 2383 1129; x_wconf 89' lang='lat' dir='ltr'><strong>esse</strong></span> <span class='ocrx_word' id='word_1_53' title='bbox 2448 1065 2679 1141; x_wconf 86' lang='lat' dir='ltr'><strong>tradit,</strong></span> <span class='ocrx_word' id='word_1_54' title='bbox 2732 1063 2952 1128; x_wconf 84' lang='lat' dir='ltr'><strong>Livius</strong></span> 
     </span>
     <span class='ocr_line' id='line_1_8' title="bbox 565 1168 2954 1247; baseline -0.001 -14"><span class='ocrx_word' id='word_1_55' title='bbox 565 1174 753 1233; x_wconf 87' lang='lat' dir='ltr'><strong>tacet.</strong></span> <span class='ocrx_word' id='word_1_56' title='bbox 818 1168 1062 1233; x_wconf 90' lang='lat' dir='ltr'><strong>Notum</strong></span> <span class='ocrx_word' id='word_1_57' title='bbox 1125 1173 1218 1233; x_wconf 88' lang='lat' dir='ltr'><strong>est</strong></span> <span class='ocrx_word' id='word_1_58' title='bbox 1281 1191 1314 1233; x_wconf 93' lang='lat' dir='ltr'><strong>e</strong></span> <span class='ocrx_word' id='word_1_59' title='bbox 1361 1169 1553 1234; x_wconf 94' lang='lat' dir='ltr'><strong>Dion.</strong></span> <span class='ocrx_word' id='word_1_60' title='bbox 1606 1170 1755 1235; x_wconf 90' lang='lat' dir='ltr'><strong>Hal.</strong></span> <span class='ocrx_word' id='word_1_61' title='bbox 1807 1171 1911 1247; x_wconf 84' lang='lat'><strong>11,</strong></span> <span class='ocrx_word' id='word_1_62' title='bbox 1958 1173 2043 1235; x_wconf 89' lang='lat'><strong>64</strong></span> <span class='ocrx_word' id='word_1_63' title='bbox 2089 1174 2153 1235; x_wconf 93' lang='lat' dir='ltr'><strong>et</strong></span> <span class='ocrx_word' id='word_1_64' title='bbox 2198 1171 2371 1237; x_wconf 91' lang='lat' dir='ltr'><strong>Plut.</strong></span> <span class='ocrx_word' id='word_1_65' title='bbox 2412 1170 2597 1235; x_wconf 87' lang='lat' dir='ltr'><strong>Rom.</strong></span> <span class='ocrx_word' id='word_1_66' title='bbox 2650 1171 2735 1233; x_wconf 85' lang='lat'><strong>22</strong></span> <span class='ocrx_word' id='word_1_67' title='bbox 2784 1170 2954 1232; x_wconf 89' lang='lat' dir='ltr'><strong>inter</strong></span> 
     </span>
     <span class='ocr_line' id='line_1_9' title="bbox 568 1275 2953 1359; baseline 0 -20"><span class='ocrx_word' id='word_1_68' title='bbox 568 1275 862 1359; x_wconf 86' lang='lat' dir='ltr'><strong>antiquos</strong></span> <span class='ocrx_word' id='word_1_69' title='bbox 931 1275 1267 1359; x_wconf 85' lang='lat' dir='ltr'><strong>scriptores</strong></span> <span class='ocrx_word' id='word_1_70' title='bbox 1331 1296 1631 1359; x_wconf 87' lang='lat' dir='ltr'><strong>magnam</strong></span> <span class='ocrx_word' id='word_1_71' title='bbox 1692 1276 1883 1340; x_wconf 86' lang='lat' dir='ltr'><strong>fuisse</strong></span> <span class='ocrx_word' id='word_1_72' title='bbox 1938 1276 2434 1341; x_wconf 85' lang='lat' dir='ltr'><strong>controversiam</strong></span> <span class='ocrx_word' id='word_1_73' title='bbox 2454 1325 2469 1352; x_wconf 87' lang='lat'>‚</span> <span class='ocrx_word' id='word_1_74' title='bbox 2538 1279 2753 1339; x_wconf 90' lang='lat' dir='ltr'><strong>utrum</strong></span> <span class='ocrx_word' id='word_1_75' title='bbox 2821 1275 2953 1339; x_wconf 85' lang='lat' dir='ltr'><strong>Ro-</strong></span> 
     </span>
     <span class='ocr_line' id='line_1_10' title="bbox 567 1379 2949 1464; baseline 0.001 -21"><span class='ocrx_word' id='word_1_76' title='bbox 567 1380 776 1443; x_wconf 85' lang='lat' dir='ltr'><strong>mulus</strong></span> <span class='ocrx_word' id='word_1_77' title='bbox 831 1402 914 1443; x_wconf 88' lang='lat' dir='ltr'><strong>an</strong></span> <span class='ocrx_word' id='word_1_78' title='bbox 986 1379 1200 1445; x_wconf 84' lang='lat' dir='ltr'><strong>Numa</strong></span> <span class='ocrx_word' id='word_1_79' title='bbox 1267 1381 1484 1443; x_wconf 89' lang='lat' dir='ltr'><strong>aedem</strong></span> <span class='ocrx_word' id='word_1_80' title='bbox 1559 1380 1788 1446; x_wconf 85' lang='lat' dir='ltr'><strong>Vestae</strong></span> <span class='ocrx_word' id='word_1_81' title='bbox 1858 1382 2213 1446; x_wconf 71' lang='lat' dir='ltr'>condiderit</span> <span class='ocrx_word' id='word_1_82' title='bbox 2260 1384 2325 1445; x_wconf 93' lang='lat' dir='ltr'><strong>et</strong></span> <span class='ocrx_word' id='word_1_83' title='bbox 2372 1380 2653 1445; x_wconf 74' lang='lat' dir='ltr'><strong>Vestales</strong></span> <span class='ocrx_word' id='word_1_84' title='bbox 2696 1380 2949 1464; x_wconf 85' lang='lat' dir='ltr'><strong>legerit.</strong></span> 
     </span>
     <span class='ocr_line' id='line_1_11' title="bbox 566 1485 2950 1569; baseline -0.001 -19"><span class='ocrx_word' id='word_1_85' title='bbox 566 1486 794 1569; x_wconf 87' lang='lat' dir='ltr'><strong>Itaque</strong></span> <span class='ocrx_word' id='word_1_86' title='bbox 849 1486 1018 1569; x_wconf 89' lang='lat' dir='ltr'><strong>quod</strong></span> <span class='ocrx_word' id='word_1_87' title='bbox 1081 1485 1297 1549; x_wconf 87' lang='lat' dir='ltr'><strong>Livius</strong></span> <span class='ocrx_word' id='word_1_88' title='bbox 1351 1485 1632 1551; x_wconf 86' lang='lat' dir='ltr'><strong>Numam</strong></span> <span class='ocrx_word' id='word_1_89' title='bbox 1680 1488 1915 1553; x_wconf 80' lang='lat' dir='ltr'><strong>Vestae</strong></span> <span class='ocrx_word' id='word_1_90' title='bbox 1962 1488 2203 1553; x_wconf 90' lang='lat' dir='ltr'><strong>cultum</strong></span> <span class='ocrx_word' id='word_1_91' title='bbox 2254 1486 2608 1551; x_wconf 89' lang='lat' dir='ltr'><strong>instituisse</strong></span> <span class='ocrx_word' id='word_1_92' title='bbox 2652 1485 2908 1550; x_wconf 91' lang='lat' dir='ltr'><strong>rettulit</strong></span> <span class='ocrx_word' id='word_1_93' title='bbox 2935 1532 2950 1562; x_wconf 90' lang='lat'>‚</span> 
     </span>
     <span class='ocr_line' id='line_1_12' title="bbox 568 1590 2951 1675; baseline -0.001 -20"><span class='ocrx_word' id='word_1_94' title='bbox 568 1592 735 1675; x_wconf 91' lang='lat' dir='ltr'><strong>apud</strong></span> <span class='ocrx_word' id='word_1_95' title='bbox 781 1591 945 1655; x_wconf 85' lang='lat' dir='ltr'><strong>Livii</strong></span> <span class='ocrx_word' id='word_1_96' title='bbox 992 1595 1308 1655; x_wconf 74' lang='lat' dir='ltr'><strong>auctorem</strong></span> <span class='ocrx_word' id='word_1_97' title='bbox 1350 1590 1628 1655; x_wconf 91' lang='lat' dir='ltr'><strong>Numam</strong></span> <span class='ocrx_word' id='word_1_98' title='bbox 1678 1594 1849 1657; x_wconf 87' lang='lat' dir='ltr'><strong>aedis</strong></span> <span class='ocrx_word' id='word_1_99' title='bbox 1890 1593 2124 1658; x_wconf 84' lang='lat' dir='ltr'><strong>Vestae</strong></span> <span class='ocrx_word' id='word_1_100' title='bbox 2166 1594 2553 1657; x_wconf 90' lang='lat' dir='ltr'><strong>conditorem</strong></span> <span class='ocrx_word' id='word_1_101' title='bbox 2594 1590 2789 1656; x_wconf 75' lang='lat' dir='ltr'><strong>fuisse</strong></span> <span class='ocrx_word' id='word_1_102' title='bbox 2813 1591 2951 1654; x_wconf 81' lang='lat' dir='ltr'><strong>veri</strong></span> 
     </span>
     <span class='ocr_line' id='line_1_13' title="bbox 568 1695 2956 1775; baseline -0.001 -14"><span class='ocrx_word' id='word_1_103' title='bbox 568 1697 771 1761; x_wconf 83' lang='lat' dir='ltr'><strong>simile</strong></span> <span class='ocrx_word' id='word_1_104' title='bbox 818 1698 931 1761; x_wconf 89' lang='lat' dir='ltr'><strong>est.</strong></span> <span class='ocrx_word' id='word_1_105' title='bbox 982 1696 1142 1760; x_wconf 82' lang='lat' dir='ltr'><strong>Cum</strong></span> <span class='ocrx_word' id='word_1_106' title='bbox 1196 1718 1320 1759; x_wconf 92' lang='lat' dir='ltr'><strong>uno</strong></span> <span class='ocrx_word' id='word_1_107' title='bbox 1392 1695 1574 1761; x_wconf 84' lang='lat' dir='ltr'><strong>Livio</strong></span> <span class='ocrx_word' id='word_1_108' title='bbox 1622 1697 1691 1775; x_wconf 86' lang='lat' dir='ltr'><strong>I,</strong></span> <span class='ocrx_word' id='word_1_109' title='bbox 1744 1700 1828 1762; x_wconf 82' lang='lat'><strong>20</strong></span> <span class='ocrx_word' id='word_1_110' title='bbox 1852 1746 1866 1775; x_wconf 89' lang='lat'>‚</span> <span class='ocrx_word' id='word_1_111' title='bbox 1921 1700 1979 1765; x_wconf 91' lang='lat'><strong>1.</strong></span> <span class='ocrx_word' id='word_1_112' title='bbox 2028 1699 2066 1762; x_wconf 91' lang='grc'>2</span> <span class='ocrx_word' id='word_1_113' title='bbox 2131 1697 2642 1763; x_wconf 82' lang='lat' dir='ltr'><strong>Pseudo-Victor</strong></span> <span class='ocrx_word' id='word_1_114' title='bbox 2686 1695 2956 1759; x_wconf 86' lang='lat' dir='ltr'><strong>tradidit</strong></span> 
     </span>
     <span class='ocr_line' id='line_1_14' title="bbox 569 1801 2954 1886; baseline -0 -19"><span class='ocrx_word' id='word_1_115' title='bbox 569 1802 846 1867; x_wconf 88' lang='lat' dir='ltr'><strong>Numam</strong></span> <span class='ocrx_word' id='word_1_116' title='bbox 889 1805 1018 1865; x_wconf 86' lang='lat' dir='ltr'><strong>tres</strong></span> <span class='ocrx_word' id='word_1_117' title='bbox 1063 1801 1348 1867; x_wconf 89' lang='lat' dir='ltr'><strong>flamines</strong></span> <span class='ocrx_word' id='word_1_118' title='bbox 1395 1804 1765 1886; x_wconf 86' lang='lat' dir='ltr'><strong>prodidisse.</strong></span> <span class='ocrx_word' id='word_1_119' title='bbox 1812 1804 1901 1868; x_wconf 87' lang='lat' dir='ltr'><strong>Et</strong></span> <span class='ocrx_word' id='word_1_120' title='bbox 1948 1803 2165 1869; x_wconf 85' lang='lat' dir='ltr'><strong>Livius</strong></span> <span class='ocrx_word' id='word_1_121' title='bbox 2212 1805 2275 1880; x_wconf 94' lang='grc' dir='ltr'><strong>Ι,</strong></span> <span class='ocrx_word' id='word_1_122' title='bbox 2330 1805 2451 1881; x_wconf 88' lang='grc'><strong>20,</strong></span> <span class='ocrx_word' id='word_1_123' title='bbox 2502 1803 2544 1867; x_wconf 85' lang='grc'>4</span> <span class='ocrx_word' id='word_1_124' title='bbox 2582 1805 2647 1866; x_wconf 87' lang='lat' dir='ltr'><strong>et</strong></span> <span class='ocrx_word' id='word_1_125' title='bbox 2672 1802 2954 1867; x_wconf 86' lang='lat' dir='ltr'><strong>Pseudo-</strong></span> 
     </span>
     <span class='ocr_line' id='line_1_15' title="bbox 573 1906 2954 1991; baseline 0 -22"><span class='ocrx_word' id='word_1_126' title='bbox 573 1907 790 1971; x_wconf 87' lang='lat' dir='ltr'><strong>Victor</strong></span> <span class='ocrx_word' id='word_1_127' title='bbox 835 1906 1036 1971; x_wconf 84' lang='lat' dir='ltr'><strong>Salios</strong></span> <span class='ocrx_word' id='word_1_128' title='bbox 1082 1907 1162 1969; x_wconf 90' lang='lat' dir='ltr'><strong>ab</strong></span> <span class='ocrx_word' id='word_1_129' title='bbox 1210 1909 1429 1971; x_wconf 91' lang='lat' dir='ltr'><strong>eodem</strong></span> <span class='ocrx_word' id='word_1_130' title='bbox 1477 1928 1625 1991; x_wconf 89' lang='lat' dir='ltr'><strong>rege</strong></span> <span class='ocrx_word' id='word_1_131' title='bbox 1671 1909 2001 1973; x_wconf 90' lang='lat' dir='ltr'><strong>institutos</strong></span> <span class='ocrx_word' id='word_1_132' title='bbox 2048 1931 2181 1973; x_wconf 85' lang='lat' dir='ltr'><strong>esse</strong></span> <span class='ocrx_word' id='word_1_133' title='bbox 2226 1911 2605 1986; x_wconf 87' lang='lat' dir='ltr'><strong>memorant,</strong></span> <span class='ocrx_word' id='word_1_134' title='bbox 2657 1908 2733 1970; x_wconf 91' lang='lat' dir='ltr'><strong>de</strong></span> <span class='ocrx_word' id='word_1_135' title='bbox 2758 1908 2954 1971; x_wconf 87' lang='lat' dir='ltr'><strong>Prae-</strong></span> 
     </span>
     <span class='ocr_line' id='line_1_16' title="bbox 569 2011 2954 2098; baseline 0 -21"><span class='ocrx_word' id='word_1_136' title='bbox 569 2013 703 2077; x_wconf 88' lang='lat' dir='ltr'><strong>sule</strong></span> <span class='ocrx_word' id='word_1_137' title='bbox 774 2012 986 2075; x_wconf 81' lang='lat' dir='ltr'><strong>Livius</strong></span> <span class='ocrx_word' id='word_1_138' title='bbox 1049 2013 1236 2076; x_wconf 88' lang='lat' dir='ltr'><strong>tacet.</strong></span> <span class='ocrx_word' id='word_1_139' title='bbox 1302 2011 1460 2077; x_wconf 85' lang='lat' dir='ltr'><strong>Cum</strong></span> <span class='ocrx_word' id='word_1_140' title='bbox 1511 2014 1703 2077; x_wconf 91' lang='lat' dir='ltr'><strong>ceteri</strong></span> <span class='ocrx_word' id='word_1_141' title='bbox 1751 2015 2089 2098; x_wconf 82' lang='lat' dir='ltr'><strong>scriptores</strong></span> <span class='ocrx_word' id='word_1_142' title='bbox 2138 2014 2215 2078; x_wconf 88' lang='lat' dir='ltr'><strong>de</strong></span> <span class='ocrx_word' id='word_1_143' title='bbox 2260 2014 2637 2097; x_wconf 90' lang='lat' dir='ltr'><strong>pontificum</strong></span> <span class='ocrx_word' id='word_1_144' title='bbox 2684 2013 2954 2096; x_wconf 87' lang='lat' dir='ltr'><strong>collegio</strong></span> 
     </span>
     <span class='ocr_line' id='line_1_17' title="bbox 571 2117 2952 2202; baseline 0 -21"><span class='ocrx_word' id='word_1_145' title='bbox 571 2118 855 2201; x_wconf 85' lang='lat' dir='ltr'><strong>egerint,</strong></span> <span class='ocrx_word' id='word_1_146' title='bbox 902 2117 1116 2181; x_wconf 88' lang='lat' dir='ltr'><strong>Livius</strong></span> <span class='ocrx_word' id='word_1_147' title='bbox 1159 2117 1218 2193; x_wconf 91' lang='lat' dir='ltr'><strong>I,</strong></span> <span class='ocrx_word' id='word_1_148' title='bbox 1271 2119 1376 2195; x_wconf 91' lang='grc'><strong>20,</strong></span> <span class='ocrx_word' id='word_1_149' title='bbox 1425 2118 1463 2181; x_wconf 89' lang='grc'>5</span> <span class='ocrx_word' id='word_1_150' title='bbox 1496 2120 1542 2201; x_wconf 90' lang='lat'><strong>¹)</strong></span> <span class='ocrx_word' id='word_1_151' title='bbox 1589 2121 1657 2182; x_wconf 89' lang='lat' dir='ltr'><strong>et</strong></span> <span class='ocrx_word' id='word_1_152' title='bbox 1700 2118 2212 2184; x_wconf 91' lang='lat' dir='ltr'><strong>Pseudo-Victor</strong></span> <span class='ocrx_word' id='word_1_153' title='bbox 2258 2141 2456 2181; x_wconf 91' lang='lat' dir='ltr'><strong>unum</strong></span> <span class='ocrx_word' id='word_1_154' title='bbox 2499 2123 2755 2183; x_wconf 90' lang='lat' dir='ltr'><strong>tantum</strong></span> <span class='ocrx_word' id='word_1_155' title='bbox 2790 2139 2952 2202; x_wconf 91' lang='lat' dir='ltr'><strong>pon-</strong></span> 
     </span>
     <span class='ocr_line' id='line_1_18' title="bbox 568 2222 2952 2288; baseline 0.001 -2"><span class='ocrx_word' id='word_1_156' title='bbox 568 2223 802 2287; x_wconf 90' lang='lat' dir='ltr'><strong>tificem</strong></span> <span class='ocrx_word' id='word_1_157' title='bbox 867 2245 904 2285; x_wconf 92' lang='lat' dir='ltr'><strong>a</strong></span> <span class='ocrx_word' id='word_1_158' title='bbox 963 2222 1178 2287; x_wconf 92' lang='lat' dir='ltr'><strong>Numa</strong></span> <span class='ocrx_word' id='word_1_159' title='bbox 1233 2224 1464 2288; x_wconf 89' lang='lat' dir='ltr'><strong>lectum</strong></span> <span class='ocrx_word' id='word_1_160' title='bbox 1529 2246 1663 2288; x_wconf 89' lang='lat' dir='ltr'><strong>esse</strong></span> <span class='ocrx_word' id='word_1_161' title='bbox 1719 2223 2126 2287; x_wconf 89' lang='lat' dir='ltr'><strong>rettulerunt.</strong></span> <span class='ocrx_word' id='word_1_162' title='bbox 2194 2223 2439 2287; x_wconf 90' lang='lat' dir='ltr'><strong>Iniuria</strong></span> <span class='ocrx_word' id='word_1_163' title='bbox 2502 2227 2616 2288; x_wconf 89' lang='lat' dir='ltr'><strong>aut</strong></span> <span class='ocrx_word' id='word_1_164' title='bbox 2669 2225 2952 2288; x_wconf 89' lang='lat' dir='ltr'><strong>Pseudo-</strong></span> 
     </span>
     <span class='ocr_line' id='line_1_19' title="bbox 569 2328 2955 2413; baseline 0 -21"><span class='ocrx_word' id='word_1_165' title='bbox 569 2330 798 2393; x_wconf 88' lang='lat' dir='ltr'><strong>Victor</strong></span> <span class='ocrx_word' id='word_1_166' title='bbox 857 2332 969 2393; x_wconf 90' lang='lat' dir='ltr'><strong>aut</strong></span> <span class='ocrx_word' id='word_1_167' title='bbox 1035 2329 1330 2393; x_wconf 86' lang='lat' dir='ltr'><strong>librarius</strong></span> <span class='ocrx_word' id='word_1_168' title='bbox 1393 2328 1564 2394; x_wconf 88' lang='lat' dir='ltr'><strong>hunc</strong></span> <span class='ocrx_word' id='word_1_169' title='bbox 1620 2330 1986 2413; x_wconf 90' lang='lat' dir='ltr'><strong>pontificem</strong></span> <span class='ocrx_word' id='word_1_170' title='bbox 2038 2330 2383 2394; x_wconf 85' lang='lat' dir='ltr'><strong>maximum</strong></span> <span class='ocrx_word' id='word_1_171' title='bbox 2431 2335 2653 2408; x_wconf 84' lang='lat' dir='ltr'><strong>vocat,</strong></span> <span class='ocrx_word' id='word_1_172' title='bbox 2703 2354 2853 2395; x_wconf 91' lang='lat' dir='ltr'><strong>nam</strong></span> <span class='ocrx_word' id='word_1_173' title='bbox 2901 2329 2955 2394; x_wconf 91' lang='lat' dir='ltr'><strong>si</strong></span> 
     </span>
     <span class='ocr_line' id='line_1_20' title="bbox 572 2434 2952 2519; baseline -0 -21"><span class='ocrx_word' id='word_1_174' title='bbox 572 2458 733 2500; x_wconf 87' lang='lat' dir='ltr'><strong>unus</strong></span> <span class='ocrx_word' id='word_1_175' title='bbox 779 2438 1032 2498; x_wconf 89' lang='lat' dir='ltr'><strong>tantum</strong></span> <span class='ocrx_word' id='word_1_176' title='bbox 1091 2434 1382 2517; x_wconf 82' lang='lat' dir='ltr'><strong>pontifex</strong></span> <span class='ocrx_word' id='word_1_177' title='bbox 1428 2438 1557 2519; x_wconf 86' lang='lat' dir='ltr'><strong>est,</strong></span> <span class='ocrx_word' id='word_1_178' title='bbox 1608 2438 1685 2499; x_wconf 92' lang='lat' dir='ltr'><strong>de</strong></span> <span class='ocrx_word' id='word_1_179' title='bbox 1725 2436 2030 2519; x_wconf 88' lang='lat' dir='ltr'><strong>pontifice</strong></span> <span class='ocrx_word' id='word_1_180' title='bbox 2074 2437 2352 2500; x_wconf 82' lang='lat' dir='ltr'><strong>maximo</strong></span> <span class='ocrx_word' id='word_1_181' title='bbox 2401 2458 2587 2519; x_wconf 89' lang='lat' dir='ltr'><strong>agere</strong></span> <span class='ocrx_word' id='word_1_182' title='bbox 2626 2436 2952 2499; x_wconf 90' lang='lat' dir='ltr'><strong>nonlicet.</strong></span> 
     </span>
     <span class='ocr_line' id='line_1_21' title="bbox 572 2539 2950 2623; baseline -0.001 -18"><span class='ocrx_word' id='word_1_183' title='bbox 572 2540 784 2606; x_wconf 85' lang='lat' dir='ltr'><strong>Livius</strong></span> <span class='ocrx_word' id='word_1_184' title='bbox 830 2541 896 2618; x_wconf 91' lang='lat' dir='ltr'><strong>I,</strong></span> <span class='ocrx_word' id='word_1_185' title='bbox 953 2542 1054 2618; x_wconf 88' lang='lat'><strong>19,</strong></span> <span class='ocrx_word' id='word_1_186' title='bbox 1107 2542 1146 2603; x_wconf 92' lang='grc'>2</span> <span class='ocrx_word' id='word_1_187' title='bbox 1196 2542 1271 2604; x_wconf 91' lang='lat' dir='ltr'><strong>de</strong></span> <span class='ocrx_word' id='word_1_188' title='bbox 1318 2539 1470 2604; x_wconf 89' lang='lat' dir='ltr'><strong>Iano</strong></span> <span class='ocrx_word' id='word_1_189' title='bbox 1522 2545 1774 2606; x_wconf 90' lang='lat' dir='ltr'><strong>tantum</strong></span> <span class='ocrx_word' id='word_1_190' title='bbox 1824 2542 2209 2605; x_wconf 88' lang='lat' dir='ltr'><strong>mentionem</strong></span> <span class='ocrx_word' id='word_1_191' title='bbox 2256 2541 2445 2615; x_wconf 68' lang='lat' dir='ltr'><strong>facit.</strong></span> <span class='ocrx_word' id='word_1_192' title='bbox 2473 2542 2637 2623; x_wconf 90' lang='lat' dir='ltr'><strong>apud</strong></span> <span class='ocrx_word' id='word_1_193' title='bbox 2668 2541 2950 2603; x_wconf 90' lang='lat' dir='ltr'><strong>Pseudo-</strong></span> 
     </span>
     <span class='ocr_line' id='line_1_22' title="bbox 573 2643 2943 2732; baseline -0.004 -19"><span class='ocrx_word' id='word_1_194' title='bbox 573 2650 895 2713; x_wconf 90' lang='lat' dir='ltr'><strong>Victorem</strong></span> <span class='ocrx_word' id='word_1_195' title='bbox 945 2647 1158 2712; x_wconf 90' lang='lat' dir='ltr'><strong>Numa</strong></span> <span class='ocrx_word' id='word_1_196' title='bbox 1205 2651 1422 2732; x_wconf 90' lang='lat' dir='ltr'><strong>portas</strong></span> <span class='ocrx_word' id='word_1_197' title='bbox 1465 2648 1625 2711; x_wconf 89' lang='lat' dir='ltr'><strong>Iano</strong></span> <span class='ocrx_word' id='word_1_198' title='bbox 1673 2648 2002 2732; x_wconf 90' lang='lat' dir='ltr'><strong>gemino</strong></span> <span class='ocrx_word' id='word_1_199' title='bbox 2045 2646 2345 2711; x_wconf 86' lang='lat' dir='ltr'><strong>instituit.</strong></span> <span class='ocrx_word' id='word_1_200' title='bbox 2392 2643 2671 2709; x_wconf 89' lang='lat' dir='ltr'><strong>Numam</strong></span> <span class='ocrx_word' id='word_1_201' title='bbox 2699 2663 2943 2704; x_wconf 92' lang='lat' dir='ltr'><strong>annum</strong></span> 
     </span>
     <span class='ocr_line' id='line_1_23' title="bbox 572 2747 2948 2828; baseline -0.004 -11"><span class='ocrx_word' id='word_1_202' title='bbox 572 2755 643 2817; x_wconf 90' lang='lat' dir='ltr'><strong>in</strong></span> <span class='ocrx_word' id='word_1_203' title='bbox 704 2753 1030 2816; x_wconf 88' lang='lat' dir='ltr'><strong>duodecim</strong></span> <span class='ocrx_word' id='word_1_204' title='bbox 1083 2775 1326 2817; x_wconf 90' lang='lat' dir='ltr'><strong>menses</strong></span> <span class='ocrx_word' id='word_1_205' title='bbox 1373 2753 1767 2817; x_wconf 87' lang='lat' dir='ltr'><strong>distribuisse</strong></span> <span class='ocrx_word' id='word_1_206' title='bbox 1811 2759 1875 2817; x_wconf 93' lang='lat' dir='ltr'><strong>et</strong></span> <span class='ocrx_word' id='word_1_207' title='bbox 1914 2752 2132 2817; x_wconf 84' lang='lat' dir='ltr'><strong>Livius</strong></span> <span class='ocrx_word' id='word_1_208' title='bbox 2178 2752 2245 2828; x_wconf 90' lang='grc' dir='ltr'><strong>Ι,</strong></span> <span class='ocrx_word' id='word_1_209' title='bbox 2298 2752 2378 2814; x_wconf 88' lang='lat'><strong>19</strong></span> <span class='ocrx_word' id='word_1_210' title='bbox 2401 2798 2416 2826; x_wconf 85' lang='lat'>‚</span> <span class='ocrx_word' id='word_1_211' title='bbox 2468 2750 2506 2813; x_wconf 89' lang='grc'><strong>6</strong></span> <span class='ocrx_word' id='word_1_212' title='bbox 2554 2752 2619 2812; x_wconf 91' lang='lat' dir='ltr'><strong>et</strong></span> <span class='ocrx_word' id='word_1_213' title='bbox 2664 2747 2948 2810; x_wconf 91' lang='lat' dir='ltr'><strong>Pseudo-</strong></span> 
     </span>
     <span class='ocr_line' id='line_1_24' title="bbox 577 2850 2952 2941; baseline -0.003 -21"><span class='ocrx_word' id='word_1_214' title='bbox 577 2858 801 2921; x_wconf 90' lang='lat' dir='ltr'><strong>Victor</strong></span> <span class='ocrx_word' id='word_1_215' title='bbox 845 2858 1281 2941; x_wconf 87' lang='lat' dir='ltr'><strong>tradiderunt,</strong></span> <span class='ocrx_word' id='word_1_216' title='bbox 1330 2859 1643 2923; x_wconf 90' lang='lat' dir='ltr'><strong>mensium</strong></span> <span class='ocrx_word' id='word_1_217' title='bbox 1692 2869 1934 2934; x_wconf 85' lang='lat' dir='ltr'><strong>autem,</strong></span> <span class='ocrx_word' id='word_1_218' title='bbox 1984 2878 2141 2940; x_wconf 87' lang='lat' dir='ltr'><strong>quos</strong></span> <span class='ocrx_word' id='word_1_219' title='bbox 2180 2855 2395 2921; x_wconf 89' lang='lat' dir='ltr'><strong>Numa</strong></span> <span class='ocrx_word' id='word_1_220' title='bbox 2435 2874 2607 2917; x_wconf 89' lang='lat' dir='ltr'><strong>anno</strong></span> <span class='ocrx_word' id='word_1_221' title='bbox 2634 2850 2952 2925; x_wconf 84' lang='lat' dir='ltr'><strong>adiunxit,</strong></span> 
     </span>
     <span class='ocr_line' id='line_1_25' title="bbox 575 2956 2953 3047; baseline -0.004 -18"><span class='ocrx_word' id='word_1_222' title='bbox 575 2965 837 3029; x_wconf 90' lang='lat' dir='ltr'><strong>nomina</strong></span> <span class='ocrx_word' id='word_1_223' title='bbox 906 2967 1075 3047; x_wconf 89' lang='lat' dir='ltr'><strong>apud</strong></span> <span class='ocrx_word' id='word_1_224' title='bbox 1140 2964 1385 3029; x_wconf 85' lang='lat' dir='ltr'><strong>Livium</strong></span> <span class='ocrx_word' id='word_1_225' title='bbox 1451 2964 1910 3028; x_wconf 87' lang='lat' dir='ltr'><strong>desiderantur.</strong></span> <span class='ocrx_word' id='word_1_226' title='bbox 1975 2963 2069 3026; x_wconf 89' lang='lat' dir='ltr'><strong>De</strong></span> <span class='ocrx_word' id='word_1_227' title='bbox 2128 2961 2380 3025; x_wconf 88' lang='lat' dir='ltr'><strong>Numae</strong></span> <span class='ocrx_word' id='word_1_228' title='bbox 2428 2962 2689 3022; x_wconf 83' lang='lat' dir='ltr'><strong>decessu</strong></span> <span class='ocrx_word' id='word_1_229' title='bbox 2733 2956 2953 3020; x_wconf 84' lang='lat' dir='ltr'><strong>Livius</strong></span> 
     </span>
     <span class='ocr_line' id='line_1_26' title="bbox 574 3064 2953 3155; baseline -0.004 -21"><span class='ocrx_word' id='word_1_230' title='bbox 574 3092 705 3134; x_wconf 94' lang='lat' dir='ltr'><strong>non</strong></span> <span class='ocrx_word' id='word_1_231' title='bbox 767 3072 931 3155; x_wconf 85' lang='lat' dir='ltr'><strong>egit,</strong></span> <span class='ocrx_word' id='word_1_232' title='bbox 995 3072 1160 3153; x_wconf 90' lang='lat' dir='ltr'><strong>apud</strong></span> <span class='ocrx_word' id='word_1_233' title='bbox 1228 3092 1369 3134; x_wconf 90' lang='lat' dir='ltr'><strong>eum</strong></span> <span class='ocrx_word' id='word_1_234' title='bbox 1426 3070 1519 3153; x_wconf 85' lang='grc' dir='ltr'><strong>(Ι,</strong></span> <span class='ocrx_word' id='word_1_235' title='bbox 1574 3071 1696 3145; x_wconf 87' lang='grc'><strong>22,</strong></span> <span class='ocrx_word' id='word_1_236' title='bbox 1752 3070 1817 3155; x_wconf 93' lang='grc'><strong>1)</strong></span> <span class='ocrx_word' id='word_1_237' title='bbox 1866 3069 2021 3132; x_wconf 87' lang='lat' dir='ltr'><strong>haec</strong></span> <span class='ocrx_word' id='word_1_238' title='bbox 2066 3070 2358 3131; x_wconf 83' lang='lat' dir='ltr'><strong>tantum:</strong></span> <span class='ocrx_word' id='word_1_239' title='bbox 2406 3064 2702 3128; x_wconf 81' lang='lat' dir='ltr'><strong>»Numae</strong></span> <span class='ocrx_word' id='word_1_240' title='bbox 2750 3064 2953 3125; x_wconf 89' lang='lat' dir='ltr'><strong>morte</strong></span> 
     </span>
     <span class='ocr_line' id='line_1_27' title="bbox 575 3173 2955 3260; baseline -0.005 -19"><span class='ocrx_word' id='word_1_241' title='bbox 575 3180 655 3241; x_wconf 88' lang='lat' dir='ltr'><strong>ad</strong></span> <span class='ocrx_word' id='word_1_242' title='bbox 702 3177 1141 3260; x_wconf 84' lang='lat' dir='ltr'><strong>interregnum</strong></span> <span class='ocrx_word' id='word_1_243' title='bbox 1188 3198 1286 3239; x_wconf 86' lang='lat' dir='ltr'><strong>res</strong></span> <span class='ocrx_word' id='word_1_244' title='bbox 1335 3176 1585 3241; x_wconf 91' lang='lat' dir='ltr'><strong>rediit.”</strong></span> <span class='ocrx_word' id='word_1_245' title='bbox 1634 3174 1917 3239; x_wconf 90' lang='lat' dir='ltr'><strong>Numam</strong></span> <span class='ocrx_word' id='word_1_246' title='bbox 1955 3174 2175 3237; x_wconf 90' lang='lat' dir='ltr'><strong>morbo</strong></span> <span class='ocrx_word' id='word_1_247' title='bbox 2203 3174 2525 3235; x_wconf 91' lang='lat' dir='ltr'><strong>mortuum</strong></span> <span class='ocrx_word' id='word_1_248' title='bbox 2550 3192 2684 3233; x_wconf 87' lang='lat' dir='ltr'><strong>esse</strong></span> <span class='ocrx_word' id='word_1_249' title='bbox 2706 3173 2955 3253; x_wconf 88' lang='lat' dir='ltr'><strong>praeter</strong></span> 
     </span>
     <span class='ocr_line' id='line_1_28' title="bbox 575 3273 2948 3365; baseline -0.003 -19"><span class='ocrx_word' id='word_1_250' title='bbox 575 3282 1182 3347; x_wconf 87' lang='lat' dir='ltr'><strong>Pseudo-Victorem</strong></span> <span class='ocrx_word' id='word_1_251' title='bbox 1232 3282 1618 3365; x_wconf 81' lang='lat' dir='ltr'><strong>Calpurnius</strong></span> <span class='ocrx_word' id='word_1_252' title='bbox 1665 3280 1814 3343; x_wconf 87' lang='lat' dir='ltr'><strong>Piso</strong></span> <span class='ocrx_word' id='word_1_253' title='bbox 1864 3280 2034 3363; x_wconf 91' lang='lat' dir='ltr'><strong>apud</strong></span> <span class='ocrx_word' id='word_1_254' title='bbox 2085 3279 2255 3342; x_wconf 92' lang='lat' dir='ltr'><strong>Plut.</strong></span> <span class='ocrx_word' id='word_1_255' title='bbox 2306 3277 2502 3340; x_wconf 92' lang='lat' dir='ltr'><strong>Num.</strong></span> <span class='ocrx_word' id='word_1_256' title='bbox 2556 3276 2636 3338; x_wconf 89' lang='lat'><strong>21</strong></span> <span class='ocrx_word' id='word_1_257' title='bbox 2682 3277 2747 3338; x_wconf 91' lang='lat' dir='ltr'><strong>et</strong></span> <span class='ocrx_word' id='word_1_258' title='bbox 2771 3273 2948 3338; x_wconf 85' lang='lat' dir='ltr'><strong>Eutr.</strong></span> 
     </span>
     <span class='ocr_line' id='line_1_29' title="bbox 574 3377 2953 3470; baseline -0.005 -17"><span class='ocrx_word' id='word_1_259' title='bbox 574 3390 641 3466; x_wconf 89' lang='grc' dir='ltr'><strong>Ι,</strong></span> <span class='ocrx_word' id='word_1_260' title='bbox 707 3390 744 3452; x_wconf 90' lang='lat'><strong>3</strong></span> <span class='ocrx_word' id='word_1_261' title='bbox 801 3388 1221 3451; x_wconf 91' lang='lat' dir='ltr'><strong>tradiderunt.</strong></span> <span class='ocrx_word' id='word_1_262' title='bbox 1293 3386 1368 3449; x_wconf 92' lang='lat' dir='ltr'><strong>In</strong></span> <span class='ocrx_word' id='word_1_263' title='bbox 1432 3386 1542 3462; x_wconf 91' lang='lat' dir='ltr'><strong>iis,</strong></span> <span class='ocrx_word' id='word_1_264' title='bbox 1593 3407 1755 3470; x_wconf 89' lang='lat' dir='ltr'><strong>quae</strong></span> <span class='ocrx_word' id='word_1_265' title='bbox 1802 3380 1878 3447; x_wconf 87' lang='lat' dir='ltr'><strong>de</strong></span> <span class='ocrx_word' id='word_1_266' title='bbox 1927 3384 2176 3460; x_wconf 87' lang='lat' dir='ltr'><strong>arcula,</strong></span> <span class='ocrx_word' id='word_1_267' title='bbox 2224 3383 2294 3445; x_wconf 91' lang='lat' dir='ltr'><strong>in</strong></span> <span class='ocrx_word' id='word_1_268' title='bbox 2342 3404 2467 3465; x_wconf 91' lang='lat' dir='ltr'><strong>qua</strong></span> <span class='ocrx_word' id='word_1_269' title='bbox 2514 3379 2763 3445; x_wconf 89' lang='lat' dir='ltr'><strong>Numae</strong></span> <span class='ocrx_word' id='word_1_270' title='bbox 2810 3377 2953 3441; x_wconf 86' lang='lat' dir='ltr'><strong>libri</strong></span> 
     </span>
     <span class='ocr_line' id='line_1_30' title="bbox 576 3483 2952 3579; baseline -0.006 -19"><span class='ocrx_word' id='word_1_271' title='bbox 576 3495 809 3579; x_wconf 90' lang='lat' dir='ltr'><strong>reperti</strong></span> <span class='ocrx_word' id='word_1_272' title='bbox 848 3495 1028 3574; x_wconf 89' lang='lat' dir='ltr'><strong>sunt,</strong></span> <span class='ocrx_word' id='word_1_273' title='bbox 1084 3497 1299 3556; x_wconf 91' lang='lat' dir='ltr'><strong>narrat</strong></span> <span class='ocrx_word' id='word_1_274' title='bbox 1334 3492 1861 3564; x_wconf 88' lang='lat' dir='ltr'><strong>Pseudo-Victor,</strong></span> <span class='ocrx_word' id='word_1_275' title='bbox 1905 3491 2013 3551; x_wconf 91' lang='lat' dir='ltr'><strong>aut</strong></span> <span class='ocrx_word' id='word_1_276' title='bbox 2060 3488 2349 3551; x_wconf 82' lang='lat' dir='ltr'><strong>Cassium</strong></span> <span class='ocrx_word' id='word_1_277' title='bbox 2396 3486 2738 3549; x_wconf 85' lang='lat' dir='ltr'><strong>Heminam</strong></span> <span class='ocrx_word' id='word_1_278' title='bbox 2788 3483 2952 3567; x_wconf 88' lang='lat' dir='ltr'><strong>apud</strong></span> 
     </span>
     <span class='ocr_line' id='line_1_31' title="bbox 577 3590 2950 3677; baseline -0.006 -11"><span class='ocrx_word' id='word_1_279' title='bbox 577 3602 745 3667; x_wconf 91' lang='lat' dir='ltr'><strong>Plin.</strong></span> <span class='ocrx_word' id='word_1_280' title='bbox 791 3600 939 3665; x_wconf 89' lang='lat' dir='ltr'><strong>Nat.</strong></span> <span class='ocrx_word' id='word_1_281' title='bbox 981 3598 1150 3663; x_wconf 90' lang='lat' dir='ltr'><strong>Hist.</strong></span> <span class='ocrx_word' id='word_1_282' title='bbox 1191 3597 1352 3662; x_wconf 91' lang='lat' dir='ltr'>XIII</span> <span class='ocrx_word' id='word_1_283' title='bbox 1372 3646 1387 3674; x_wconf 85' lang='lat'>‚</span> <span class='ocrx_word' id='word_1_284' title='bbox 1439 3597 1544 3663; x_wconf 88' lang='grc'><strong>85.</strong></span> <span class='ocrx_word' id='word_1_285' title='bbox 1575 3598 1660 3661; x_wconf 86' lang='grc'><strong>86</strong></span> <span class='ocrx_word' id='word_1_286' title='bbox 1686 3598 1800 3660; x_wconf 92' lang='lat' dir='ltr'><strong>aut</strong></span> <span class='ocrx_word' id='word_1_287' title='bbox 1823 3593 2238 3677; x_wconf 85' lang='lat' dir='ltr'><strong>Calpurnium</strong></span> <span class='ocrx_word' id='word_1_288' title='bbox 2264 3592 2563 3655; x_wconf 90' lang='lat' dir='ltr'><strong>Pisonem</strong></span> <span class='ocrx_word' id='word_1_289' title='bbox 2592 3590 2759 3674; x_wconf 90' lang='lat' dir='ltr'><strong>apud</strong></span> <span class='ocrx_word' id='word_1_290' title='bbox 2785 3590 2950 3653; x_wconf 89' lang='lat' dir='ltr'><strong>Plin.</strong></span> 
     </span>
     <span class='ocr_line' id='line_1_32' title="bbox 577 3696 2954 3791; baseline -0.006 -21"><span class='ocrx_word' id='word_1_291' title='bbox 577 3707 686 3770; x_wconf 86' lang='grc'><strong>1.1.</strong></span> <span class='ocrx_word' id='word_1_292' title='bbox 742 3708 824 3771; x_wconf 82' lang='lat'><strong>87</strong></span> <span class='ocrx_word' id='word_1_293' title='bbox 857 3707 907 3791; x_wconf 86' lang='lat'><strong>²)</strong></span> <span class='ocrx_word' id='word_1_294' title='bbox 957 3707 1069 3769; x_wconf 89' lang='lat' dir='ltr'><strong>aut</strong></span> <span class='ocrx_word' id='word_1_295' title='bbox 1117 3705 1470 3770; x_wconf 86' lang='lat' dir='ltr'><strong>Varronem</strong></span> <span class='ocrx_word' id='word_1_296' title='bbox 1520 3705 1691 3787; x_wconf 88' lang='lat' dir='ltr'><strong>apud</strong></span> <span class='ocrx_word' id='word_1_297' title='bbox 1738 3701 1906 3785; x_wconf 91' lang='lat' dir='ltr'><strong>Aug.</strong></span> <span class='ocrx_word' id='word_1_298' title='bbox 1956 3703 2032 3763; x_wconf 91' lang='lat' dir='ltr'><strong>de</strong></span> <span class='ocrx_word' id='word_1_299' title='bbox 2065 3699 2181 3763; x_wconf 79' lang='lat' dir='ltr'><strong>civ,</strong></span> <span class='ocrx_word' id='word_1_300' title='bbox 2226 3697 2343 3761; x_wconf 91' lang='lat' dir='ltr'><strong>Dei</strong></span> <span class='ocrx_word' id='word_1_301' title='bbox 2381 3696 2549 3771; x_wconf 90' lang='lat' dir='ltr'><strong>VII,</strong></span> <span class='ocrx_word' id='word_1_302' title='bbox 2599 3698 2683 3761; x_wconf 88' lang='lat'><strong>34</strong></span> <span class='ocrx_word' id='word_1_303' title='bbox 2708 3697 2954 3759; x_wconf 88' lang='lat' dir='ltr'><strong>secutus</strong></span> 
     </span>
    </p>
   </div>
   <div class='ocr_carea' id='block_1_3' title="bbox 576 3879 879 3887">
    <p class='ocr_par' dir='ltr' id='par_1_3' title="bbox 576 3879 879 3887">
     <span class='ocr_line' id='line_1_33' title="bbox 576 3879 879 3887; baseline 0 1455"><span class='ocrx_word' id='word_1_304' title='bbox 576 3879 879 3887; x_wconf 95' lang='lat' dir='ltr'><strong> </strong></span> 
     </span>
    </p>
   </div>
   <div class='ocr_carea' id='block_1_4' title="bbox 578 3952 2951 4553">
    <p class='ocr_par' dir='ltr' id='par_1_4' title="bbox 578 3952 2951 4107">
     <span class='ocr_line' id='line_1_34' title="bbox 654 3952 2951 4034; baseline -0.006 -15"><span class='ocrx_word' id='word_1_305' title='bbox 654 3967 707 4034; x_wconf 91' lang='grc'><strong>1)</strong></span> <span class='ocrx_word' id='word_1_306' title='bbox 743 3964 918 4019; x_wconf 89' lang='lat' dir='ltr'><strong>Etiam</strong></span> <span class='ocrx_word' id='word_1_307' title='bbox 973 3962 1070 4016; x_wconf 86' lang='lat' dir='ltr'><strong>sub</strong></span> <span class='ocrx_word' id='word_1_308' title='bbox 1119 3961 1256 4016; x_wconf 89' lang='lat' dir='ltr'><strong>Anci</strong></span> <span class='ocrx_word' id='word_1_309' title='bbox 1307 3959 1493 4014; x_wconf 87' lang='lat' dir='ltr'><strong>Marcii</strong></span> <span class='ocrx_word' id='word_1_310' title='bbox 1540 3976 1702 4029; x_wconf 89' lang='lat' dir='ltr'><strong>regno</strong></span> <span class='ocrx_word' id='word_1_311' title='bbox 1748 3976 1912 4011; x_wconf 91' lang='lat' dir='ltr'><strong>unum</strong></span> <span class='ocrx_word' id='word_1_312' title='bbox 1966 3958 2171 4011; x_wconf 89' lang='lat' dir='ltr'><strong>tantum</strong></span> <span class='ocrx_word' id='word_1_313' title='bbox 2212 3953 2505 4025; x_wconf 83' lang='lat' dir='ltr'><strong>pontificem</strong></span> <span class='ocrx_word' id='word_1_314' title='bbox 2540 3952 2655 4008; x_wconf 88' lang='lat' dir='ltr'><strong>Liv.</strong></span> <span class='ocrx_word' id='word_1_315' title='bbox 2696 3955 2754 4019; x_wconf 88' lang='lat'><strong>1,</strong></span> <span class='ocrx_word' id='word_1_316' title='bbox 2793 3954 2886 4019; x_wconf 88' lang='grc'><strong>32,</strong></span> <span class='ocrx_word' id='word_1_317' title='bbox 2921 3953 2951 4005; x_wconf 90' lang='grc'>2</span> 
     </span>
     <span class='ocr_line' id='line_1_35' title="bbox 578 4054 847 4107; baseline -0.011 0"><span class='ocrx_word' id='word_1_318' title='bbox 578 4054 847 4107; x_wconf 86' lang='lat' dir='ltr'><strong>memorat.</strong></span> 
     </span>
    </p>

    <p class='ocr_par' dir='ltr' id='par_1_5' title="bbox 578 4122 2950 4553">
     <span class='ocr_line' id='line_1_36' title="bbox 653 4122 2950 4208; baseline -0.007 -16"><span class='ocrx_word' id='word_1_319' title='bbox 653 4141 707 4208; x_wconf 92' lang='grc'>2)</span> <span class='ocrx_word' id='word_1_320' title='bbox 764 4138 887 4191; x_wconf 94' lang='lat' dir='ltr'><strong>Non</strong></span> <span class='ocrx_word' id='word_1_321' title='bbox 944 4135 1114 4189; x_wconf 87' lang='lat' dir='ltr'><strong>facere</strong></span> <span class='ocrx_word' id='word_1_322' title='bbox 1167 4152 1376 4205; x_wconf 89' lang='lat' dir='ltr'><strong>possum</strong></span> <span class='ocrx_word' id='word_1_323' title='bbox 1427 4151 1544 4188; x_wconf 89' lang='lat' dir='ltr'><strong>cum</strong></span> <span class='ocrx_word' id='word_1_324' title='bbox 1585 4129 2006 4185; x_wconf 87' lang='lat' dir='ltr'><strong>Hildesheimero</strong></span> <span class='ocrx_word' id='word_1_325' title='bbox 2055 4128 2149 4198; x_wconf 91' lang='grc'><strong>(1.1.</strong></span> <span class='ocrx_word' id='word_1_326' title='bbox 2199 4147 2248 4198; x_wconf 91' lang='lat' dir='ltr'><strong>p.</strong></span> <span class='ocrx_word' id='word_1_327' title='bbox 2288 4129 2341 4196; x_wconf 85' lang='lat'><strong>7)</strong></span> <span class='ocrx_word' id='word_1_328' title='bbox 2395 4124 2490 4195; x_wconf 87' lang='lat' dir='ltr'><strong>qui</strong></span> <span class='ocrx_word' id='word_1_329' title='bbox 2525 4123 2796 4179; x_wconf 90' lang='lat' dir='ltr'><strong>contendit</strong></span> <span class='ocrx_word' id='word_1_330' title='bbox 2848 4122 2950 4178; x_wconf 84' lang='lat' dir='ltr'><strong>fieri</strong></span> 
     </span>
     <span class='ocr_line' id='line_1_37' title="bbox 579 4210 2950 4295; baseline -0.007 -16"><span class='ocrx_word' id='word_1_331' title='bbox 579 4244 685 4279; x_wconf 90' lang='lat' dir='ltr'><strong>non</strong></span> <span class='ocrx_word' id='word_1_332' title='bbox 736 4240 891 4295; x_wconf 86' lang='lat' dir='ltr'><strong>posse</strong></span> <span class='ocrx_word' id='word_1_333' title='bbox 939 4225 1001 4276; x_wconf 84' lang='lat' dir='ltr'><strong>ut</strong></span> <span class='ocrx_word' id='word_1_334' title='bbox 1051 4240 1142 4287; x_wconf 91' lang='lat' dir='ltr'><strong>ea,</strong></span> <span class='ocrx_word' id='word_1_335' title='bbox 1192 4238 1327 4290; x_wconf 85' lang='lat' dir='ltr'><strong>quae</strong></span> <span class='ocrx_word' id='word_1_336' title='bbox 1374 4219 1441 4273; x_wconf 92' lang='lat' dir='ltr'><strong>de</strong></span> <span class='ocrx_word' id='word_1_337' title='bbox 1494 4220 1704 4273; x_wconf 88' lang='lat' dir='ltr'><strong>Numae</strong></span> <span class='ocrx_word' id='word_1_338' title='bbox 1740 4214 1885 4271; x_wconf 88' lang='lat' dir='ltr'><strong>libris</strong></span> <span class='ocrx_word' id='word_1_339' title='bbox 1923 4213 2341 4269; x_wconf 88' lang='lat' dir='ltr'><strong>Pseudo-Victor</strong></span> <span class='ocrx_word' id='word_1_340' title='bbox 2376 4210 2671 4276; x_wconf 87' lang='lat' dir='ltr'><strong>tradiderit,</strong></span> <span class='ocrx_word' id='word_1_341' title='bbox 2702 4228 2731 4263; x_wconf 92' lang='lat' dir='ltr'><strong>e</strong></span> <span class='ocrx_word' id='word_1_342' title='bbox 2766 4210 2950 4263; x_wconf 87' lang='lat' dir='ltr'><strong>Pisone</strong></span> 
     </span>
     <span class='ocr_line' id='line_1_38' title="bbox 579 4296 2949 4376; baseline -0.007 -11"><span class='ocrx_word' id='word_1_343' title='bbox 579 4310 924 4365; x_wconf 86' lang='lat' dir='ltr'><strong>manaverint.</strong></span> <span class='ocrx_word' id='word_1_344' title='bbox 981 4308 1122 4363; x_wconf 89' lang='lat' dir='ltr'><strong>Nam</strong></span> <span class='ocrx_word' id='word_1_345' title='bbox 1167 4305 1289 4376; x_wconf 86' lang='lat' dir='ltr'><strong>quia</strong></span> <span class='ocrx_word' id='word_1_346' title='bbox 1331 4305 1519 4362; x_wconf 87' lang='lat' dir='ltr'><strong>Livius</strong></span> <span class='ocrx_word' id='word_1_347' title='bbox 1569 4304 1638 4358; x_wconf 94' lang='lat' dir='ltr'><strong>l.l.</strong></span> <span class='ocrx_word' id='word_1_348' title='bbox 1690 4301 1909 4357; x_wconf 90' lang='lat' dir='ltr'><strong>eundem</strong></span> <span class='ocrx_word' id='word_1_349' title='bbox 1962 4300 2214 4355; x_wconf 88' lang='lat' dir='ltr'><strong>librorum</strong></span> <span class='ocrx_word' id='word_1_350' title='bbox 2266 4316 2539 4352; x_wconf 88' lang='lat' dir='ltr'><strong>numerum</strong></span> <span class='ocrx_word' id='word_1_351' title='bbox 2594 4296 2769 4351; x_wconf 87' lang='lat' dir='ltr'><strong>tradat</strong></span> <span class='ocrx_word' id='word_1_352' title='bbox 2816 4296 2949 4366; x_wconf 91' lang='lat' dir='ltr'><strong>quod</strong></span> 
     </span>
     <span class='ocr_line' id='line_1_39' title="bbox 578 4384 2945 4462; baseline -0.007 -10"><span class='ocrx_word' id='word_1_353' title='bbox 578 4398 700 4453; x_wconf 82' lang='lat' dir='ltr'><strong>Piso</strong></span> <span class='ocrx_word' id='word_1_354' title='bbox 715 4440 729 4462; x_wconf 90' lang='lat'>,</span> <span class='ocrx_word' id='word_1_355' title='bbox 770 4399 940 4450; x_wconf 75' lang='lat' dir='ltr'><strong>totam</strong></span> <span class='ocrx_word' id='word_1_356' title='bbox 977 4395 1050 4449; x_wconf 83' lang='lat' dir='ltr'><strong>de</strong></span> <span class='ocrx_word' id='word_1_357' title='bbox 1081 4395 1291 4448; x_wconf 85' lang='lat' dir='ltr'><strong>Numae</strong></span> <span class='ocrx_word' id='word_1_358' title='bbox 1329 4391 1474 4447; x_wconf 87' lang='lat' dir='ltr'><strong>libris</strong></span> <span class='ocrx_word' id='word_1_359' title='bbox 1509 4389 1781 4446; x_wconf 87' lang='lat' dir='ltr'><strong>historiam</strong></span> <span class='ocrx_word' id='word_1_360' title='bbox 1820 4406 1853 4441; x_wconf 87' lang='lat' dir='ltr'><strong>a</strong></span> <span class='ocrx_word' id='word_1_361' title='bbox 1888 4386 2045 4442; x_wconf 86' lang='lat' dir='ltr'><strong>Livio</strong></span> <span class='ocrx_word' id='word_1_362' title='bbox 2082 4404 2110 4440; x_wconf 97' lang='lat' dir='ltr'><strong>e</strong></span> <span class='ocrx_word' id='word_1_363' title='bbox 2148 4384 2334 4439; x_wconf 87' lang='lat' dir='ltr'><strong>Pisone</strong></span> <span class='ocrx_word' id='word_1_364' title='bbox 2371 4384 2609 4438; x_wconf 86' lang='lat' dir='ltr'><strong>haustam</strong></span> <span class='ocrx_word' id='word_1_365' title='bbox 2640 4401 2754 4437; x_wconf 87' lang='lat' dir='ltr'><strong>esse</strong></span> <span class='ocrx_word' id='word_1_366' title='bbox 2789 4386 2945 4453; x_wconf 84' lang='lat' dir='ltr'><strong>putat.</strong></span> 
     </span>
     <span class='ocr_line' id='line_1_40' title="bbox 583 4470 2950 4553; baseline -0.005 -15"><span class='ocrx_word' id='word_1_367' title='bbox 583 4486 768 4553; x_wconf 84' lang='lat' dir='ltr'><strong>[taque</strong></span> <span class='ocrx_word' id='word_1_368' title='bbox 816 4481 943 4537; x_wconf 88' lang='lat' dir='ltr'><strong>Piso</strong></span> <span class='ocrx_word' id='word_1_369' title='bbox 993 4481 1059 4535; x_wconf 90' lang='lat' dir='ltr'><strong>de</strong></span> <span class='ocrx_word' id='word_1_370' title='bbox 1110 4480 1312 4536; x_wconf 90' lang='lat' dir='ltr'><strong>duabus</strong></span> <span class='ocrx_word' id='word_1_371' title='bbox 1365 4477 1554 4533; x_wconf 84' lang='lat' dir='ltr'><strong>arculis</strong></span> <span class='ocrx_word' id='word_1_372' title='bbox 1592 4476 1905 4531; x_wconf 86' lang='lat' dir='ltr'><strong>mentionem</strong></span> <span class='ocrx_word' id='word_1_373' title='bbox 1952 4472 2190 4539; x_wconf 84' lang='lat' dir='ltr'><strong>fecisset,</strong></span> <span class='ocrx_word' id='word_1_374' title='bbox 2230 4471 2650 4527; x_wconf 88' lang='lat' dir='ltr'><strong>Pseudo-Victor</strong></span> <span class='ocrx_word' id='word_1_375' title='bbox 2682 4474 2857 4525; x_wconf 87' lang='lat' dir='ltr'><strong>autem</strong></span> <span class='ocrx_word' id='word_1_376' title='bbox 2892 4470 2950 4525; x_wconf 89' lang='lat' dir='ltr'><strong>de</strong></span> 
     </span>
    </p>
   </div>
  </div>
 </body>
</html>
