3184 5342
1448 413 1531 478 87

293 595 440 658 vius
505 597 571 658 et
631 593 927 659 Valerius
983 594 1305 659 Maximus
1364 594 1486 660 hac
1549 598 1628 659 de
1691 615 1759 658 re
1805 596 2092 678 egerunt.
2141 590 2690 658 Pseudo-Victor:

300 699 752 764 »consulatum
791 703 1108 766 recusavit
1128 749 1142 778 ,
1184 704 1355 785 quod
1393 701 1630 766 diceret
1661 722 1866 784 neque
1904 722 1970 764 se
2005 700 2227 784 populi
2265 699 2456 775 vitia,
2485 720 2691 784 neque

298 805 488 869 illum
536 806 935 871 severitatem
985 830 1163 871 suam
1214 829 1398 892 posse
1445 805 1769 872 sufferre”.
1819 805 2074 870 Livius:
2130 805 2391 889 »Neque
2429 826 2546 889 ego
2580 827 2689 869 ve-

298 926 467 977 stros
487 960 502 989 ,
566 912 781 996 inquit
804 960 819 990 ‚
885 935 1092 978 mores
1156 914 1380 978 consul
1439 912 1606 977 ferre
1665 915 1886 997 potero
1943 933 2149 996 neque
2195 932 2307 975 vos
2350 911 2690 994 imperium

300 1017 581 1082 meum''.
633 1017 769 1084 Val.
818 1018 1009 1084 Max:
1061 1019 1311 1102 ›Nam,
1360 1019 1412 1082 si
1463 1041 1563 1082 me
1617 1039 1832 1102 gerere
1880 1013 2523 1100 eum'(consulatum)
2548 1037 2689 1080 coe-

305 1115 536 1209 geritis
593 1146 710 1188 1166
779 1145 899 1208 ego
960 1147 1167 1190 mores
1231 1127 1475 1189 vestros
1541 1125 1702 1189 ferre
1763 1145 1880 1187 nec
1940 1144 2054 1188 vos
2098 1127 2310 1186 meum
2355 1122 2691 1207 imperium

299 1229 551 1314 perpeti
600 1229 957 1312 poteritis.”

401 1440 608 1526 Caput
668 1443 929 1508 XXIX.
996 1442 1235 1509 Gellius
1294 1445 1427 1528 IX,
1498 1446 1577 1509 11
1603 1493 1619 1522 ,
1677 1449 1748 1522 1,
1794 1443 1988 1508 refert
2032 1442 2276 1506 nullam
2323 1442 2688 1525 discrepan-

309 1548 469 1611 tiam
534 1550 783 1611 exstare
846 1548 1014 1613 inter
1076 1549 1415 1634 scriptores
1437 1599 1451 1628 ,
1515 1551 1628 1635 qui
1689 1553 1765 1614 de
1823 1548 2064 1613 Valerii
2110 1547 2372 1613 Corvini
2413 1548 2693 1612 facinore

310 1653 578 1736 egerint.
626 1652 938 1717 Attamen
978 1677 1111 1718 una
1160 1677 1257 1719 res
1306 1659 1402 1720 est
1448 1677 1647 1738 eaque
1690 1655 1872 1739 parvi
1919 1655 2263 1731 momenti,
2313 1677 2474 1738 quae
2521 1654 2691 1738 apud

304 1758 495 1824 Dion.
539 1757 713 1824 Cass,
756 1759 835 1822 fr.
865 1761 950 1824 34
975 1764 1041 1824 et
1063 1759 1245 1826 Eutr.
1264 1762 1331 1827 II
1349 1809 1363 1838 ‚
1394 1763 1454 1838 6,
1481 1760 1664 1824 aliter
1688 1765 1984 1824 narratur
2009 1764 2198 1845 atque
2223 1763 2391 1845 apud
2415 1761 2692 1843 reliquos

306 1863 660 1947 scriptores
714 1862 902 1947 Apud
951 1863 1069 1928 hos
1115 1887 1341 1930 corvus
1388 1867 1457 1928 in
1509 1866 1751 1930 Valerii
1798 1866 1983 1950 galea
2026 1867 2348 1944 consedit,
2397 1868 2568 1949 apud
2608 1867 2690 1931 il-

304 1971 403 2034 los
462 1971 532 2033 in
595 1971 818 2034 dextro
882 1971 1179 2036 bracchio
1244 1975 1452 2036 sedem
1514 1973 1706 2056 capit.
1757 1971 1939 2037 Unus
1988 1973 2503 2040 Pseudo-Victor
2549 1990 2699 2036 cor-·

308 2097 464 2138 vum
536 2075 613 2138 ab
676 2077 920 2141 oriente
980 2078 1307 2142 advolasse
1367 2078 1576 2144 refert.
1641 2077 1806 2142 Livii
1867 2081 2082 2142 tamen
2145 2083 2467 2143 auctorem
2522 2077 2690 2140 idem

310 2202 595 2245 narrasse
662 2183 794 2248 veri
863 2185 1067 2249 simile
1136 2188 1249 2250 est.
1322 2184 1493 2250 Nam
1562 2185 1746 2267 apud.
1793 2184 2044 2248 Livium
2090 2183 2382 2249 Valerius
2429 2205 2688 2249 corvum

305 2294 669 2372 praepetem
714 2291 1012 2374 appellat.
1064 2291 1253 2356 Teste
1294 2291 1560 2376 Hygino
1610 2291 1779 2374 apud
1826 2290 1988 2354 Gell.
2019 2289 2187 2367 VII,
2232 2292 2292 2367 6,
2337 2293 2396 2367 3,
2425 2311 2711 2374 praepe-.

304 2396 404 2457 tes
462 2416 609 2458 aves
665 2397 743 2461 ab
792 2398 1141 2482 auguribus
1187 2397 1626 2482 appellantur,
1675 2397 1786 2480 qui
1832 2401 1943 2460 aut
1988 2399 2460 2481 peropportune
2507 2418 2690 2479 prae-

304 2498 533 2562 volant
593 2505 706 2565 aut
763 2503 1024 2567 idoneas
1091 2504 1265 2567 sedes
1326 2503 1608 2587 capiunt.
1671 2501 1917 2566 Deinde
1973 2500 2102 2567 Cic.
2152 2505 2230 2566 de
2273 2501 2403 2566 div.
2449 2501 2518 2579 I,
2570 2502 2716 2590 39,

308 2605 397 2669 85
463 2611 527 2670 et
588 2605 795 2673 Schol.
862 2610 943 2672 ad
1015 2608 1172 2674 Hor.
1244 2607 1361 2674 od.
1426 2608 1562 2686 III,
1626 2609 1732 2684 27,
1789 2609 1893 2686 12,
1941 2609 2172 2672 docent
2218 2608 2298 2672 ab
2347 2610 2494 2672 ortu
2542 2607 2692 2672 solis

306 2733 533 2776 corvos
579 2712 750 2776 bona
797 2715 1010 2778 omina
1055 2735 1205 2778 esse.
1255 2713 1446 2797 Apud
1491 2715 1749 2780 Livium
1797 2714 1964 2792 VII,
1995 2715 2079 2778 26
2120 2718 2184 2778 et
2218 2712 2400 2777 Eutr.
2438 2713 2529 2777 1.1.
2557 2712 2690 2777 Va-

306 2817 466 2882 lerio
536 2816 889 2896 Corvus,
944 2822 1119 2903 apud
1182 2824 1421 2884 ceteros
1486 2821 1824 2905 scriptores
1872 2819 2289 2884 Corvinus
2337 2841 2696 2905 cognomen

306 2923 556 2988 inditur
582 2922 655 3010 1).
703 2925 785 2990 A.
835 2925 1137 2991 Schottus
1187 2927 1281 3012 (in
1329 2927 1492 3014 1060)
1544 2926 1824 2991 ostendit
1872 2925 2062 2991 Corvi
2109 2948 2342 2990 nomen
2383 2928 2606 3010 postea
2629 2926 2699 2997 in

312 3031 655 3098 Corvinum
707 3035 1119 3117 depravatum
1167 3055 1316 3097 esse.

405 3137 497 3202 De
551 3139 859 3203 seditione
881 3187 896 3216 ,
963 3141 1040 3202 de
1090 3160 1217 3223 qua
1262 3138 1545 3205 Pseudo·
1558 3138 1768 3203 Victor
1814 3138 1883 3201 in
1931 3136 2158 3222 capitis
2203 3137 2330 3200 fine
2376 3137 2550 3221 agit,
2599 3135 2700 3201 his

312 3244 522 3308 verbis
566 3245 852 3329 disputat
898 3244 1115 3309 Livius
1162 3245 1318 3329 VII,
1369 3247 1454 3309 42
1476 3293 1491 3323 ,
1544 3247 1620 3311 7:
1667 3246 1862 3309 »adeo
1909 3243 2072 3307 nihil
2111 3245 2554 3328 praeterquam
2601 3263 2700 3306 se-

314 3349 622 3414 ditionem
671 3350 865 3414 fuisse
913 3373 1175 3436 eamque
1222 3351 1638 3435 compositam
1683 3351 1855 3415 inter
1901 3350 2200 3434 antiquos
2246 3371 2456 3412 rerum
2503 3347 2701 3431 scrip-

314 3457 485 3519 tores
548 3458 861 3522 constat'’.
938 3458 1111 3534 Quae
1177 3459 1505 3522 seditionis
1566 3479 1754 3524 causa
1815 3457 2008 3521 fuerit
2051 3457 2266 3521 Livius
2311 3477 2443 3521 non
2494 3454 2701 3518 mani·
2799 3473 2819 3486 ·

313 3560 492 3625 festis
538 3563 747 3627 verbis
794 3565 1088 3648 exponit,
1142 3568 1424 3628 attamen
1472 3565 1541 3627 in
1589 3585 1718 3627 uno
1764 3564 2039 3628 fontium
2063 3611 2077 3637 ‚
2125 3583 2285 3645 quos
2333 3559 2549 3625 Livius
2591 3560 2704 3623 ad-

315 3665 633 3748 hibuerit,
678 3670 944 3733 eandem
987 3692 1275 3753 causam,
1319 3687 1512 3752 quam
1538 3672 1708 3752 apud
1731 3668 2372 3744 Pseudo-Victorem,
2399 3667 2703 3730 traditam

304 3772 510 3836 fuisse
583 3775 716 3838 veri
778 3776 1009 3852 simile,
1041 3775 1288 3839 faciunt
1350 3775 1578 3858 verba,
1642 3795 1805 3857 quae
1865 3777 2036 3857 apud
2082 3774 2224 3839 Liv.
2274 3772 2442 3850 VII,
2496 3774 2616 3848 38,
2669 3773 2705 3836 7

326 3876 561 3942 milites
624 3881 881 3945 dicunt-2
959 3879 1108 3945 »An
1157 3902 1428 3963 aequum
1477 3901 1610 3944 esse
1659 3879 1987 3943 dediticios
2035 3900 2182 3943 suos
2226 3877 2338 3942 illa
2381 3877 2708 3942 fertilitate

328 3984 518 4064 atque
560 3987 945 4050 amoenitate
991 3986 1269 4071 perfrui,
1318 4009 1383 4051 se
1429 3986 1764 4049 militando
1809 3985 2007 4049 fessos
2043 3986 2113 4049 in
2154 3983 2480 4069 pestilenti
2517 3987 2710 4066 atque

330 4088 504 4152 arido
554 4091 716 4156 circa
764 4092 985 4156 urbem
1034 4092 1167 4156 solo
1217 4092 1449 4156 luctari
1494 4097 1607 4156 aut
1652 4092 1739 4155 in
1786 4092 1982 4155 urbe
2045 4091 2557 4155 insidentem
2612 4088 2709 4164 la-

325 4192 495 4256 bem
562 4198 1035 4261 crescentis
1098 4199 1181 4261 in
1248 4199 1420 4262 dies
1482 4197 1806 4262 fenoris
1863 4198 2111 4282 pati”.
2159 4195 2310 4260 Alio
2354 4196 2495 4258 loco
2543 4193 2710 4270 VII,

322 4299 448 4376 39,
527 4303 605 4365 10
670 4303 911 4367 milites
974 4307 1098 4366 >de
1162 4303 1543 4386 imperatore
1608 4304 1913 4367 sumendo
1976 4303 2310 4366 sententiis
2355 4287 2716 4375 decertant,

391 4521 447 4589 1)
490 4512 621 4591 Ipse
656 4519 771 4576 Liv.
818 4519 970 4586 Vn,
1008 4521 1112 4584 32,
1154 4520 1239 4573 15.
1277 4519 1375 4580 40,
1415 4519 1447 4571 3
1479 4517 1545 4573 de
1584 4517 1884 4589 Corvi-no
1920 4515 2047 4588 agit.
