3184 5342
1438 356 1524 418 23

380 535 621 600 Eorum
669 537 1049 602 sententiam
1095 540 1375 615 secutus,
1428 537 1574 621 qui,
1624 558 1786 620 quae
1834 535 2077 601 Gellius
2123 540 2200 601 de
2233 537 2482 601 iudiciis
2522 538 2594 602 P.
2622 542 2689 602 et

291 641 362 707 L.
416 640 858 709 Corneliorum
906 642 1274 728 Scipionum
1324 642 1603 708 contulit
1650 641 1772 727 (IV
1792 690 1808 721 ‚
1857 645 1959 708 18.
2002 642 2131 721 VI,
2182 643 2325 729 19),
2376 664 2409 708 e
2434 643 2685 729 Nepote

293 748 550 813 fluxisse
595 751 829 833 putant
846 799 864 834 ‚
912 748 1522 814 Pseudo-Victorem
1571 770 1823 834 quoque
1863 771 1897 813 e
1937 748 2189 832 Nepote
2229 752 2505 833 pendere
2529 772 2684 815 con-

293 854 460 921 iecit.
525 853 650 919 Sed
713 856 768 920 si
827 878 960 920 rem
1024 856 1378 921 accuratius
1439 856 1891 941 perpendimus
1911 904 1926 934 ‚
1993 856 2278 921 videmus
2342 856 2685 923 Mommse-

293 982 453 1024 num
498 963 669 1026 recte
713 961 1021 1027 iudicasse
1067 962 1679 1029 Pseudo-Victorem
1728 984 1872 1027 cum
1922 961 2179 1027 Valerio
2218 961 2485 1027 Antiate
2528 984 2684 1029 con-

294 1065 531 1131 sentire
578 1066 827 1153 (Herm.
878 1068 930 1135 Ι.
980 1092 1044 1153 p.
1101 1068 1612 1145 168=Quaest.
1662 1052 1855 1134 Rom..
1890 1069 1979 1135 II.
2022 1070 2311 1155 p.‚430).

386 1173 631 1239 Gellius
682 1174 950 1261 (Nepos)
997 1177 1168 1240 enim
1216 1179 1346 1241 tres
1388 1198 1609 1241 causas
1658 1175 2033 1260 distinguit:

385 1280 419 1345 I
462 1280 744 1346 »Petillii
787 1319 866 1330 —
917 1282 1364 1348 desiderabam,
1406 1283 1493 1347 in
1541 1285 1844 1347 senatu
1890 1281 2351 1346 instantissime
2390 1285 2461 1345 ut
2496 1302 2686 1365 pecu-

296 1386 440 1451 niae
484 1386 915 1453 Antiochinae
963 1389 1414 1475 praedae(que)
1454 1389 1525 1452 in
1567 1410 1640 1453 eo
1689 1388 1851 1453 bello
1877 1390 2101 1471 captae
2126 1387 2441 1451 rationem
2466 1387 2687 1451 redde-

298 1497 396 1557 ret
433 1493 532 1578 (P.
575 1491 909 1559 Cornelius
934 1494 1145 1579 Scipio
1168 1494 1599 1579 Africanus)”.
1630 1494 1770 1579 (IV,
1802 1495 1906 1572 18,
1938 1494 2024 1579 7).
2068 1493 2211 1558 »Ibi
2237 1492 2446 1577 Scipio
2470 1514 2687 1557 exsur-

299 1601 399 1685 git
435 1605 500 1666 et
538 1638 618 1647 -—
652 1640 734 1651 —
777 1603 1012 1668 librum
1051 1603 1426 1688 (rationum)
1464 1602 1684 1666 statim
1724 1622 1941 1666 coram
1967 1600 2221 1664 discidit
2242 1600 2369 1664 suis
2394 1599 2689 1663 manibus

297 1709 362 1771 et
409 1707 806 1793 concerpsit'’
856 1710 928 1794 (l.
977 1710 1017 1773 l.
1063 1710 1150 1794 9).

388 1814 468 1878 II.
535 1811 740 1878 »Cum
783 1814 872 1879 M.
915 1814 1198 1881 Naevius
1246 1814 1544 1879 tribunus
1590 1814 1793 1898 plebis
1841 1816 2165 1877 accusaret
2210 1828 2353 1877 eum
2402 1811 2685 1898 (Africa-

297 1922 480 2007 num)
543 1922 640 1986 ad
701 1921 1101 2006 populum
1150 1922 1509 2006 diceretque
1556 1920 1871 2005 accepisse
1920 1942 1958 1984 a
2005 1941 2154 2005 rege
2202 1919 2530 1986 Antiocho
2575 1940 2686 2002 pe·

294 2028 552 2092 cuniam
574 2076 590 2106 ‚
651 2033 723 2093 ut
761 2028 1237 2100 conditionibus
1284 2028 1583 2112 gratiosis
1632 2030 1699 2091 et
1743 2028 2042 2092 mollibus
2086 2049 2211 2110 pax
2258 2048 2401 2092 cum
2448 2048 2522 2091 eo
2568 2046 2685 2110 po-

298 2134 436 2218 puli
495 2134 772 2199 Romani
823 2135 1086 2199 nomine
1131 2134 1314 2199 fieret
1360 2138 1424 2199 et
1469 2137 1781 2219 quaedam
1829 2134 1983 2198 item
2033 2133 2159 2197 alia
2204 2133 2459 2198 crimini
2501 2134 2687 2197 daret

307 2238 574 2324 indigna
645 2241 760 2305 tali
828 2239 1006 2306 viro’'
1028 2288 1043 2319 ,
1115 2243 1253 2305 tum
1324 2239 1534 2325 Scipio
1606 2240 1805 2303 natali
1872 2261 2127 2324 pugnae
2166 2239 2489 2304 Zamensis
2534 2260 2690 2303 con-

300 2346 541 2410 tionem
603 2348 918 2431 permovit
986 2349 1061 2411 ut
1129 2368 1343 2411 secum
1389 2347 1458 2411 in
1507 2345 1893 2431 Capitolium
1938 2345 2060 2409 iret
2103 2344 2141 2411 J
2145 2346 2247 2409 ovi
2296 2346 2688 2429 gratulatum

303 2452 373 2535 (l.
414 2451 458 2516 l.
503 2452 590 2537 3).

393 2556 490 2621 III
562 2553 676 2621 ›O.
748 2556 1066 2639 Minucius
1134 2558 1508 2643 Augurinus
1578 2558 1649 2623 L.
1722 2556 2003 2642 Scipioni
2068 2556 2356 2621 Asiatico
2421 2557 2686 2621 multam

297 2662 610 2745 irrogavit
655 2684 924 2747 eumque
964 2664 1047 2729 ob
1096 2686 1232 2728 eam
1278 2685 1531 2729 causam
1579 2665 1843 2749 praedes
1890 2663 2213 2748 poscebat.
2261 2661 2471 2747 Scipio
2512 2662 2685 2727 Afri-

302 2790 497 2833 canus
543 2768 760 2834 fratris
807 2771 1066 2835 nomine
1113 2774 1192 2835 ad
1240 2771 1579 2856 collegium
1628 2771 2033 2835 tribunorum
2083 2769 2474 2854 provocabat
2509 2773 2686 2854 pete-
2749 2755 2753 2764 ¹

299 2875 536 2959 batque
593 2880 666 2941 ut
720 2876 928 2941 virum
974 2878 1372 2942 consularem
1418 2877 1997 2963 triumphalemque
2049 2899 2087 2940 a
2134 2876 2413 2960 collegae
2462 2876 2525 2939 vi
2572 2876 2680 2952 de-

298 2980 697 3046 fenderent'’.
745 2980 927 3057 Quod
968 2983 1102 3049 eius
1140 2987 1369 3068 rogatu
1411 2983 1703 3048 Tiberius
1744 2982 2152 3067 Sempronius
2183 2980 2509 3046 Gracchus
2531 2979 2684 3045 fecit

301 3085 459 3168 (VI,
515 3087 633 3165 19,
679 3088 741 3155 2.
794 3090 904 3174 3.).

392 3191 684 3258 Valerius
744 3193 982 3260 Antias
1030 3198 1199 3281 apud
1244 3197 1387 3263 Liv.
1438 3194 1822 3279 XXXVIII,
1873 3195 1995 3274 50,
2048 3218 2175 3280 seq.
2223 3195 2381 3260 duas
2428 3198 2681 3259 tantum

300 3319 520 3363 causas
561 3304 903 3366 memoratz

390 3404 447 3469 I.
496 3403 646 3469 Dies
696 3406 868 3470 dicta
915 3408 987 3471 P.
1038 3406 1332 3474 Cornelio
1381 3408 1659 3493 Scipioni
1714 3407 2021 3473 Africano
2070 3430 2107 3471 a
2147 3406 2219 3483 Q.
2260 3407 2528 3473 Petilliis
2566 3428 2685 3489 pe-

298 3510 592 3575 cuniae
639 3512 722 3575 in
762 3514 1012 3579 Asiae
1054 3518 1372 3599 captae.
1406 3514 1471 3595 ¹).
1522 3515 1654 3580 Eae
1695 3537 1828 3592 reS,
1870 3536 2137 3599 quarum
2179 3536 2322 3578 eum
2346 3514 2680 3589 incusant,

299 3619 650 3700 sequuntur
711 3640 765 3684 c.
819 3618 924 3683 51.
990 3619 1282 3686 Secunda
1343 3622 1444 3686 die
1505 3622 1989 3686 contionem
2057 3640 2268 3684 secum
2308 3618 2377 3681 in
2418 3615 2682 3700 Capito-

299 3722 454 3786 lium
517 3724 696 3788 ducit
754 3726 833 3789 ad
895 3725 1063 3792 Deos
1122 3728 1494 3793 salutandos
1555 3728 1641 3812 (c.
1700 3726 1835 3811 51).
1919 3724 2094 3790 Ante
2159 3724 2450 3788 ultimam
2513 3723 2681 3787 diem

371 4038 427 4106 1)
474 4036 574 4103 „In
627 4038 747 4093 dem
801 4036 1020 4093 Bericht
1074 4037 1166 4093 des
1217 4035 1408 4092 Antias
1464 4036 1848 4093 verschwimmt
1902 4036 2001 4091 der
2054 4034 2369 4107 cigentliche
2423 4033 2683 4107 Anklage-

298 4124 620 4196 gegenstand
669 4124 1082 4196 einigermassen
1130 4124 1185 4179 in
1232 4125 1326 4179 der
1376 4123 1550 4178 Reihe
1597 4122 1876 4196 allgemein
1924 4121 2229 4195 gehaltener
2266 4119 2683 4193 Beschuldigun-

296 4227 428 4281 gen,
478 4209 602 4266 aber
648 4210 784 4264 auch
832 4209 945 4265 hier
983 4210 1117 4265 noch
1154 4209 1272 4265 tritt
1311 4210 1396 4265 die
1431 4210 1739 4282 angebliche
1777 4209 2112 4280 Bestechung
2149 4208 2317 4262 durch
2354 4206 2651 4262 Antiochus
2667 4249 2683 4273 ‚

293 4294 668 4351 insbesondere
713 4296 798 4352 die
848 4296 1180 4370 Freigebung
1228 4297 1321 4352 des
1368 4297 1425 4351 in
1481 4295 1927 4368 Gefangenschast
1974 4296 2295 4367 gerathenen
2345 4294 2545 4349 Sohnes
2583 4294 2677 4347 des

244 4384 252 4391 ⁰
294 4382 578 4437 Africanus
630 4382 769 4437 ohne
819 4383 1111 4456 Losegeld,
1167 4381 1315 4437 nicht
1366 4382 1674 4439 undeutlich
1727 4382 1805 4437 als
1860 4379 2383 4453 Hauptbeschwcrde
2433 4377 2680 4435 hervor.”

297 4470 569 4541 (Momms.
609 4469 794 4525 Herm.
831 4471 874 4524 Ι.
914 4470 1018 4524 192
1047 4494 1094 4514 =
1123 4470 1333 4535 Quaest.
1373 4470 1532 4524 Rom.
1568 4468 1644 4523 H.
1683 4469 1814 4538 467)
