3184 5342
1428 376 1512 440 69

351 558 494 626 Liv.
543 560 648 637 II,
699 560 821 637 12,
873 560 934 638 7,
981 550 1136 627 Zon.
1185 559 1357 638 VII,
1402 558 1504 623 12.
1533 582 1597 644 p.
1642 549 1795 625 335.
1836 558 1897 623 D
1934 580 2051 643 pro
2077 562 2429 644 purpurato
2466 562 2658 625 »scri-

260 665 412 730 bam
482 687 627 730 cum
695 654 844 750 rege
913 666 1236 731 sedentem
1298 667 1437 759 pari
1497 666 1628 730 fere
1690 666 1968 731 ornatu”
2033 670 2428 747 memorant,
2483 673 2655 753 apud

261 770 457 847 Dion.
507 769 653 837 Hal.
706 772 801 849 V,
853 773 934 838 28
984 772 1075 850 15,
1124 773 1231 857 qui
1279 795 1318 835 a
1368 772 1582 836 Mucio
1631 771 2007 837 interfectus
2055 776 2184 850 est,
2232 777 2652 849 γραμματεὺς

265 879 492 949 ἐσθῆτα
533 883 846 958 πορφυρᾶν
889 878 1204 943 ἐνδεδυκώς
1232 879 1482 944 dicitur.
1531 878 1766 943 Nescio
1789 882 2113 962 quomodo
2139 880 2654 946 Pseudo-Victor

256 984 732 1067 imperatoriam
781 989 1054 1049 aetatem
1095 986 1338 1049 redolet
1361 1036 1376 1058 ,
1421 1005 1565 1049 cum
1605 985 1876 1049 scribam
1916 1007 2236 1070 purpurea
2262 992 2434 1051 veste
2458 1008 2653 1051 orna-

256 1091 395 1153 tum
472 1094 896 1175 purpuratum
967 1091 1264 1177 appellet.
1339 1090 1633 1155 Fortasse
1702 1090 1877 1155 Flori
1949 1095 2014 1156 et
2084 1092 2654 1158 Pseudo-Victoris

257 1197 617 1261 communis
663 1200 885 1263 auctor
929 1198 1065 1281 ipse
1111 1198 1356 1281 primus
1402 1217 1476 1261 eo
1523 1196 1781 1260 nomine
1831 1197 2103 1261 scribam
2156 1198 2535 1282 designavit.

349 1301 512 1367 Cum
583 1306 752 1387 apud
821 1308 1059 1368 ceteros
1120 1304 1458 1387 scriptores
1522 1303 1685 1367 aliae
1748 1303 1879 1367 sint
1941 1324 2165 1368 causae
2229 1325 2339 1368 cur
2402 1296 2651 1370 Mucius

256 1431 520 1473 manum
585 1410 724 1494 igni
783 1410 1073 1474 iniecerit
1093 1458 1108 1487 ,
1170 1410 1332 1473 miro
1396 1412 1584 1474 modo
1651 1409 2057 1475 consentiunt
2103 1409 2647 1495 Pseudo-Victor,

258 1515 403 1579 val.
453 1515 624 1580 Max.
674 1508 814 1594 ΙΙΙ,
867 1518 925 1599 3,
972 1517 1044 1595 1,
1095 1511 1333 1581 Seneca
1373 1516 1492 1600 Ep.
1544 1517 1668 1594 24,
1720 1515 1781 1584 5.
1830 1517 1908 1580 de
1944 1516 2131 1583 Prov.
2180 1518 2252 1594 3,
2297 1519 2409 1602 qui
2448 1519 2649 1581 tradi-

257 1622 488 1703 derunt
547 1622 834 1687 Mucium
899 1624 1187 1686 dextram
1248 1622 1461 1687 foculo
1522 1621 1813 1687 iniecisse
1874 1620 2040 1686 »hoc
2102 1623 2399 1707 supplicii
2458 1646 2495 1687 a
2541 1647 2649 1687 rea

257 1728 648 1812 exigentem,
695 1729 867 1812 quod
911 1728 982 1791 in
1030 1729 1218 1793 caede
1255 1728 1640 1812 peccasset.’'
1692 1728 1984 1811 Denique
2008 1751 2173 1793 unus
2200 1729 2642 1793 Pseudo-Vic-

257 1832 359 1895 tor
399 1832 610 1899 Mucio
649 1836 926 1898 statuam
975 1832 1238 1898 honoris
1284 1835 1493 1918 gratia
1535 1834 1952 1901 constitutam
2002 1856 2135 1899 esse
2190 1838 2429 1902 narrat.
2459 1833 2641 1901 Cete-

253 1962 397 2003 rum
445 1961 591 2004 cum
639 1940 824 2006 Livio
870 1940 1170 2025 congruit
1220 1940 1749 2007 Pseudo-Victor.

353 2120 562 2205 Caput
607 2122 787 2188 XIII.
838 2122 933 2189 De
978 2123 1257 2190 Cloeliae
1301 2122 1586 2188 facinore
1632 2125 1908 2190 multum
1953 2125 2121 2190 inter
2165 2147 2232 2189 se
2280 2125 2646 2208 discrepant

254 2227 610 2311 scriptores.
660 2228 830 2296 Plut.
877 2229 1063 2297 Publ.
1121 2230 1230 2295 19.
1255 2232 1477 2293 narrat
1512 2230 1863 2295 nonnullos
1908 2230 2242 2294 tradidisse
2267 2251 2399 2294 non
2423 2251 2645 2294 omnes

249 2332 534 2416 virgines
575 2334 817 2398 flumen
864 2336 1212 2400 tranavisse
1259 2338 1370 2401 sed
1414 2337 1568 2413 μίαν
1618 2338 1840 2419 αὐτῶν,
1888 2333 2079 2413 ὄνομα
2121 2334 2435 2413 Κλοιλίαν,
2474 2335 2643 2416 ἵππῳ

249 2436 613 2514 διεξελάσαι
665 2442 766 2505 τὸν
813 2440 989 2518 πόρον
1029 2442 1511 2518 ἐγκελευομένην
1559 2436 1702 2514 Ι’ταῖς
1754 2441 2309 2513 ἄλλαιζνεούσαις
2361 2442 2463 2507 καὶ
2515 2466 2643 2507 πα-

247 2547 748 2628 ραθαρρύνουσαν.
815 2545 950 2612 Liv.
1001 2546 1065 2625 I,
1120 2548 1240 2625 13,
1289 2549 1352 2626 6,
1404 2547 1591 2613 Dion.
1642 2548 1790 2613 Hal.
1832 2548 1917 2626 V,
1968 2550 2075 2626 33,
2126 2548 2301 2616 Serv.
2352 2551 2434 2613 ad
2480 2548 2643 2613 Aen.

247 2652 442 2731 VIII,
497 2653 649 2730 646,
698 2651 820 2716 Dio
870 2650 1046 2718 Cass.
1092 2652 1296 2728 XLV,
1349 2654 1428 2718 31
1481 2676 1621 2719 eam
1660 2655 1903 2720 flumen
1945 2657 2333 2738 tranantem,
2361 2654 2641 2719 Pseudo-

248 2758 498 2836 Victor,
563 2757 712 2825 Val.
777 2758 948 2823 Max.
1021 2758 1158 2842 III,
1228 2760 1302 2836 2,
1372 2760 1434 2838 2,
1495 2759 1659 2826 Flor.
1724 2762 1794 2840 Ι,
1844 2762 1923 2838 4,
1977 2760 2013 2824 7
2062 2782 2201 2825 eam
2249 2760 2647 2845 equitantem

248 2864 558 2929 fecerunt.
623 2863 718 2927 De
779 2866 1063 2947 tempore
1083 2912 1098 2942 ,
1162 2886 1291 2949 quo
1357 2865 1599 2933 Cloelia
1662 2867 1911 2931 facinus
1957 2868 2350 2952 perpetravit
2368 2915 2383 2945 ,
2432 2866 2649 2931 Livius

250 2992 387 3035 non
449 2969 600 3054 egit.
672 2965 833 3034 Cum
897 2990 1027 3035 uno
1077 2970 1328 3037 Valerio
1377 2971 1659 3037 Maximo
1704 2971 2214 3037 Pseudo-Victor
2261 2993 2403 3035 eam
2453 2974 2647 3036 noctu

251 3075 492 3138 flumen
545 3079 829 3141 tranasse
885 3076 1116 3154 refert;
1167 3080 1339 3163 apud
1385 3078 1576 3141 Dion.
1629 3076 1773 3144 Hal.
1824 3080 1892 3141 et
1938 3078 2106 3144 Plut.
2157 3077 2437 3161 virgines
2484 3078 2646 3143 effu-

259 3184 524 3264 gerunt,
587 3204 726 3246 cum
778 3182 848 3246 in
893 3181 1156 3247 flumine
1204 3183 1593 3249 lavarentur.
1647 3185 1981 3256 Hactenus
2028 3184 2314 3247 narratio
2362 3182 2535 3248 Flori
2583 3188 2646 3247 et

263 3285 499 3349 Valerii
565 3287 868 3366 Maximi,
945 3288 1059 3372 qui
1125 3288 1463 3354 manifesto
1528 3293 1798 3354 eundem
1861 3290 2109 3355 fontem
2175 3310 2305 3373 quo
2368 3288 2646 3354 Pseudo-

257 3391 483 3456 Victor
528 3416 865 3477 usurpasse
919 3396 1237 3460 videntur.

343 3496 440 3562 De
487 3499 846 3583 virginibus
886 3501 966 3564 ad
1006 3500 1401 3566 Porsennam
1439 3503 1715 3567 remissis
1756 3503 1975 3568 Livius
2014 3463 2214 3566 tradit
2249 3502 2647 3566 Porsennam

250 3608 533 3669 oratores
603 3603 875 3671 Romam
951 3606 1194 3671 misisse
1251 3609 1332 3670 ad
1396 3608 1705 3671 Cloeliam
1769 3609 2233 3692 deposcendam
2297 3628 2561 3690 eamque
2607 3629 2646 3670 a

247 3708 558 3775 Romanis
599 3712 875 3776 deditam
923 3734 1074 3777 esse.
1127 3712 1363 3777 Eadem
1405 3711 1660 3777 Servius
1699 3717 1765 3777 et
1804 3712 2313 3778 Pseudo-Victor
2354 3717 2645 3780 narrant.

244 3814 442 3898 Apud
532 3816 950 3882 Plutarchum
1041 3818 1336 3883 Valerius
1415 3807 1749 3883 Publicola
1822 3818 2105 3902 virgines
2124 3865 2139 3895 ,
2222 3818 2486 3883 simulac
2566 3822 2646 3883 ad

244 3941 392 3983 eum
454 3926 804 4001 venerunt,
873 3924 954 3987 ad
1016 3923 1407 3988 Porsennam
1455 3924 1699 3989 remitti
1746 3925 1944 3989 iussit.
2021 3923 2237 4009 Apud
2261 3924 2644 4010 Dionysium

244 4024 578 4112 Valerius»,
631 4029 742 4112 qui
791 4050 864 4093 eo
912 4033 1200 4113 tempore
1252 4030 1404 4095 belli
1452 4032 1879 4115 componendi
1928 4053 2117 4097 causa
2160 4033 2230 4096 in
2279 4033 2642 4097 Porsennae

243 4132 472 4196 castris
535 4137 672 4197 erat
694 4181 711 4212 ‚
775 4135 1113 4218 pollicetur
1176 4158 1242 4199 se
1298 4136 1568 4201 Romam
1616 4137 1969 4202 rediturum
2016 4142 2081 4203 et
2129 4139 2378 4204 obsides
2426 4137 2648 4201 remis-

241 4258 470 4303 surum
534 4261 688 4305 esse.
754 4240 842 4305 Et
886 4240 1104 4307 Livius
1133 4241 1182 4326 1)
1233 4245 1299 4307 et
1344 4242 1597 4309 Servius
1645 4245 1711 4307 et
1754 4243 2037 4309 Pseudo·
2041 4244 2267 4309 Victor
2315 4245 2392 4308 de
2439 4243 2643 4328 donc,

315 4382 373 4447 1)
410 4380 590 4435 Nullis
625 4382 966 4464 argumentis
1003 4383 1167 4438 fretus
1205 4383 1586 4440 Weissenborn
1631 4384 1700 4439 ad
1740 4386 1858 4442 Liv.
1896 4387 1974 4454 II,
2010 4388 2095 4454 13,
2129 4388 2161 4439 9
2194 4384 2468 4442 contendit
2506 4386 2649 4458 apud

236 4451 457 4506 Livium
503 4453 584 4507 vir
676 4471 731 4507 es
781 4458 988 4507 tantum
1037 4454 1242 4509 obsides
1291 4456 1361 4510 ad
1410 4457 1736 4511 Porsennam
1789 4458 1974 4513 missas
2023 4476 2149 4514 esse.
2225 4458 2413 4529 Neque
2471 4406 2573 4525 13p
2612 4461 2646 4511 4

235 4541 415 4592 neque
453 4525 542 4591 13,
664 4524 852 4579 Livius
888 4525 988 4580 hoc
1025 4525 1290 4582 indicavit
1349 4527 1544 4582 Contra
1581 4528 1796 4583 Servius
1835 4528 1901 4584 de
1939 4528 2229 4601 virginibus
2270 4534 2476 4585 tantum
2517 4529 2647 4601 egit.
