3184 5342
1755 364 1839 428 Ι70

602 545 773 629 quod
837 545 1077 611 Cloelia
1141 568 1179 610 a
1237 545 1568 612 Porsenna
1627 547 1904 631 accepit,
1971 548 2143 613 inter
2205 572 2271 614 se
2323 551 2774 627 consentiunt;
2819 555 2996 636 apud

599 650 793 716 Dion.
840 649 1015 730 Hal„
1064 652 1258 730 Plut.‚
1308 653 1500 718 Dion.
1552 652 1724 724 Cass,
1767 652 2035 738 (Anecd.
2082 655 2289 720 Bekk.
2336 657 2386 720 Ι.
2435 680 2499 741 p.
2552 660 2718 736 133,
2745 658 2836 743 8),
2861 657 2995 722 Po-

598 757 808 842 lyaen.
873 756 1067 836 VIII,
1126 760 1207 822 31
1261 780 1394 823 non
1440 763 1623 844 parte
1673 761 1965 825 obsidum
2011 763 2120 826 sed
2166 784 2326 846 equo
2374 763 2713 848 magnifice
2759 769 2994 829 ornato

600 863 897 929 donatur.
963 863 1125 929 Cum
1188 885 1411 929 omnes
1470 865 1808 949 scriptores
1871 865 2147 931 Cloeliae
2205 872 2483 933 statuam
2545 870 2617 933 in
2663 891 2841 934 sacra
2886 870 2996 935 via

598 969 873 1055 positam
919 970 1114 1035 fuisse
1159 972 1527 1036 rettulerint
1550 1019 1565 1046 ,
1613 994 1778 1036 unus
1817 972 2329 1038 Pseudo-Victor
2367 996 2504 1039 eam
2545 976 2614 1039 in
2651 975 2794 1040 foro
2832 998 2996 1042 con-

600 1076 893 1140 stitutam
934 1099 1066 1141 esse
1103 1078 1319 1144 tradit.

692 1181 989 1247 Vidimus
1046 1183 1246 1267 igItur
1304 1184 1375 1247 in
1436 1184 1648 1268 priore
1713 1184 1942 1268 capitis
2012 1188 2196 1268 parte
2259 1185 2868 1253 Pseudo-Victorem
2915 1213 2997 1254 ex

600 1287 822 1352 eodem
894 1310 1022 1372 quo
1091 1289 1354 1355 Florum
1424 1293 1491 1354 et
1543 1289 1870 1354 Valerium
1918 1290 2272 1355 Maximum
2326 1291 2508 1358 fonte
2561 1297 2870 1379 pendere,
2922 1297 2996 1359 in

598 1394 841 1478 reliquo
906 1395 1114 1478 capite
1172 1396 1391 1459 eadem
1439 1417 1601 1480 quae
1647 1395 1898 1461 Livium
1947 1397 2196 1462 tradere
2215 1445 2232 1474 ‚
2283 1398 2636 1483 discrepare
2680 1421 2719 1463 a
2765 1403 2996 1466 ceteris

598 1499 1032 1584 scriptoribus,

624 1699 627 1702 ’
694 1713 906 1800 Caput
964 1714 1144 1779 xlv.
1207 1715 1400 1780 Multi
1456 1715 1575 1780 viri
1631 1717 1804 1781 docti
1849 1717 1971 1782 hoo
2019 1721 2212 1802 eaput
2255 1741 2289 1782 ο
2335 1719 2516 1785 Livio
2563 1720 2818 1786 fluxisse
2865 1746 2992 1807 pu-

601 1824 903 1885 taverunt
966 1819 1339 1904 (Woelfflin.
1386 1820 1620 1888 Philol.
1671 1822 1790 1887 XI.
1843 1845 1908 1906 p.
1962 1823 2112 1902 167,
2158 1824 2450 1890 Momms.
2501 1825 2753 1901 Quaest.
2799 1828 2989 1896 Rom.

602 1925 704 2003 II,
775 1949 838 2011 p.
908 1926 1057 1989 252.
1125 1927 1272 1990 adn.
1342 1927 1446 2005 35,
1495 1926 1786 1992 Hildesh.
1833 1928 1946 1992 1.1.
1994 1953 2056 2013 p.
2109 1931 2243 2010 21).
2325 1931 2471 1997 Uno
2519 1933 2657 1997 loco
2705 1933 2993 2000 Pseudo-

602 2033 822 2097 Victor
891 2035 1159 2097 eundem
1232 2055 1419 2116 quem
1492 2032 1715 2097 Livius
1782 2034 1884 2118 II,
1959 2036 2066 2101 48.
2141 2037 2226 2100 49
2299 2058 2574 2102 errorem
2636 2041 2983 2124 commisit,

605 2140 776 2223 quod
840 2136 1074 2202 Fabios
1118 2141 1278 2203 duce
1324 2138 1520 2202 Fabio
1570 2140 1830 2203 consule
1876 2143 1958 2205 ad
2004 2142 2244 2206 bellum
2291 2143 2611 2227 profectos
2657 2167 2790 2210 esse
2839 2169 2987 2209 nar-

603 2247 770 2309 ravit
831 2242 956 2329 (Cf.
1021 2244 1315 2337 Momms.
1381 2245 1539 2324 1.1.).
1601 2242 1795 2328 Apud
1843 2244 2033 2310 Dion.
2084 2247 2234 2314 Hal.
2284 2249 2408 2324 IX,
2466 2249 2547 2312 15
2596 2271 2814 2315 eorum
2857 2255 2980 2316 dux

604 2350 695 2414 M.
760 2349 992 2415 Fabius
1054 2355 1183 2429 est,
1249 2351 1361 2435 qui
1405 2351 1696 2434 proximo
1743 2373 1917 2415 anno
1965 2353 2192 2418 consul
2237 2354 2396 2432 fuit3
2449 2360 2736 2422 attamen
2782 2357 2980 2422 Kaeso

606 2456 841 2522 Fabius
903 2458 1127 2522 consul
1182 2479 1321 2523 cum
1372 2458 1652 2523 exercitu
1699 2480 1805 2523 eos
1852 2460 2138 2543 sequitur
2183 2465 2249 2525 et
2290 2463 2359 2526 in
2408 2466 2632 2529 castris
2677 2465 2987 2550 ponendis

608 2564 870 2628 adiuvat
956 2565 1064 2628 sed
1148 2568 1561 2648 posteaquam
1647 2565 2032 2648 magistratu
2117 2567 2278 2631 abiit
2349 2591 2414 2632 se
2484 2572 2706 2635 ceteris
2773 2570 2988 2634 Fabiis

604 2670 833 2736 iunxit.
902 2669 1099 2734 Errat
1142 2669 1675 2747 Pseudo-Victor,
1725 2671 1838 2734 ubi
1886 2673 2110 2736 narrat
2154 2673 2387 2739 Fabios
2433 2676 2640 2760 plures
2685 2673 2983 2737 victorias
3111 2719 3113 2760 ;

606 2777 961 2859 reportasse
1028 2779 1370 2858 antequam
1442 2777 1651 2840 castra
1712 2778 2058 2859 posuerint.
2123 2778 2316 2863 Apud
2366 2785 2607 2846 ceteros
2655 2779 2994 2861 scriptores

607 2904 769 2966 quae
816 2881 989 2945 facta
1035 2885 1189 2945 sunt
1206 2929 1223 2959 ‚
1270 2881 1463 2966 plane
1508 2882 1756 2948 diverso
1803 2883 2026 2948 ordine
2073 2887 2432 2947 narrantur.
2500 2885 2684 2946 Diem
2733 2881 2996 2946 Creme-

608 3010 856 3053 rensem
914 2989 1084 3055 inter
1140 2988 1421 3054 nefastos
1478 2989 1750 3053 relatum
1799 3011 1931 3054 esse
1976 2989 2195 3054 Livius
2238 2987 2402 3052 libro
2449 2987 2517 3053 II
2564 3009 2701 3052 non
2747 3008 2996 3051 memo-

609 3095 777 3158 ravit
804 3095 851 3179 ¹)
904 3093 1029 3174 (Of.
1079 3093 1174 3158 VI
1195 3142 1210 3171 ‚
1259 3095 1292 3159 1
1317 3143 1333 3173 ,
1387 3095 1516 3180 11).
1560 3095 1819 3160 Portam
1860 3095 2230 3160 sceleratam
2269 3093 2530 3158 nomine
2551 3115 2687 3158 non
2713 3094 2997 3178 appellat

609 3200 862 3277 Livius;
948 3203 1266 3265 auctorem
1334 3201 1467 3265 eius
1534 3201 1712 3264 illam
1781 3203 2035 3284 portam
2102 3202 2195 3265 ita
2263 3221 2522 3265 vocasse
2588 3200 2723 3263 veri
2791 3199 2996 3263 simile

609 3306 857 3370 faciunt
924 3307 1147 3371 verba:
1221 3307 1349 3369 »in
1368 3306 1613 3371 felici
1671 3307 1774 3371 via
1821 3309 2046 3370 dextro
2093 3306 2254 3370 Iano
2301 3309 2526 3390 portae
2572 3304 2994 3370 Carmentalis

612 3412 882 3496 profecti
928 3412 1008 3477 ad
1056 3411 1414 3477 Cremeram
1463 3412 1889 3495 perveniunt”
1936 3411 2032 3496 (II
2049 3459 2065 3490 ,
2118 3412 2204 3476 49
2225 3461 2242 3495 ,
2292 3413 2382 3497 8).

705 3517 865 3593 Quia
925 3518 1173 3582 duobus
1234 3517 1389 3582 locis
1450 3516 1960 3583 Pseudo-Victor
2027 3517 2289 3600 propius
2334 3520 2417 3581 ad
2459 3517 2625 3581 Livii
2672 3520 2997 3581 auctorem

613 3646 806 3708 quam
870 3625 951 3688 ad
1012 3622 1264 3687 Livium
1326 3623 1534 3708 ipsum
1583 3626 1877 3688 accedere
1924 3623 2196 3706 videtur,
2247 3644 2388 3686 meo
2435 3623 2672 3687 iudicio
2716 3626 2998 3707 praestat

613 3754 755 3797 cum
795 3731 1249 3796 Rosenhauero
1288 3730 1395 3797 1.1.
1436 3753 1499 3814 p.
1547 3732 1630 3795 37
1657 3733 1882 3814 putare
1905 3728 2028 3795 hoc
2051 3729 2258 3814 capite
2283 3728 2893 3794 Pseudo-Victorem
2919 3750 2996 3791 ex

612 3840 832 3902 eodem
880 3858 1006 3921 quo
1053 3835 1302 3900 Livium
1352 3841 1609 3901 auctore
1655 3837 1950 3920 pendere.
1978 3835 2032 3921 2)

679 4182 736 4250 1)
770 4179 921 4233 Mera
976 4176 1279 4233 coniectura
1326 4177 1512 4232 nititur
1561 4176 2040 4244 HildesheimeruS‚
2075 4177 2167 4232 ubi
2191 4176 2414 4233 coniecit
2451 4197 2514 4232 ea
2527 4221 2542 4245 ‚
2580 4197 2716 4248 quae
2769 4179 3001 4234 Pseudo·

610 4267 799 4322 Victor
849 4265 915 4321 de
962 4264 1047 4320 die
1095 4264 1421 4320 Cremerensi
1468 4265 1664 4332 tradit,
1713 4283 1742 4320 e
1791 4264 1936 4318 fonte
1991 4264 2148 4336 capit.
2188 4266 2287 4332 23,
2329 4267 2379 4332 7,
2415 4264 2508 4320 ubi
2548 4263 2616 4319 de
2651 4263 2736 4320 die
2773 4265 3000 4320 Alliensi
3112 4265 3113 4272 ³

613 4351 757 4424 agit,
792 4350 1069 4422 desumpta
1104 4368 1235 4405 esse.

686 4439 741 4507 2)
777 4437 930 4492 Nihil
965 4438 1143 4494 obstat
1179 4437 1459 4508 quominus
1496 4455 1824 4494 communem
1861 4455 2091 4493 errorem
2127 4436 2270 4492 Livii
2305 4442 2360 4493 et
2396 4436 2863 4493 Pseudo-Victoris
2879 4482 2898 4505 ,
2935 4439 2998 4492 de

614 4542 718 4596 quo
752 4525 1000 4580 Momms.
1038 4523 1109 4579 1.l.
1146 4525 1285 4596 egit,
1318 4523 1389 4578 ad
1424 4524 1563 4580 Livii
1597 4526 1864 4579 auctorem
1899 4523 2206 4579 referamus.
