3184 5342
1112 1107 1578 1190 CAPUT
1649 1109 1822 1192 IX.

365 1517 578 1602 Caput
635 1517 686 1581 I.
753 1517 937 1582 Unus
1001 1516 1515 1582 Pseudo-Victor
1580 1517 1840 1580 Procam
1905 1514 2163 1579 Amulio
2225 1517 2292 1578 et
2337 1513 2662 1580 Numitori

273 1624 423 1687 filiis
494 1623 788 1707 reginum
843 1624 1178 1687 annuis‘
1230 1623 1559 1692 vicibus
1629 1622 1991 1686 habendum
2059 1620 2384 1705 reliquisse
2444 1623 2662 1688 tradit.

270 1730 558 1795 Iustinus
627 1727 881 1813 XLIII,
936 1730 975 1791 2
1032 1733 1098 1793 et
1142 1727 1373 1794 Strabo
1423 1728 1506 1807 V,
1550 1730 1590 1793 3
1636 1731 1904 1792 narrant
1939 1727 2194 1811 quidem
2233 1732 2381 1810 post
2425 1726 2662 1793 Procae

265 1817 539 1900 mortem
565 1835 899 1899 Amulium
948 1838 1014 1900 et
1059 1834 1464 1899 Numitorem
1511 1854 1784 1918 regnum
1830 1833 2201 1910 obtinuisse,
2227 1834 2336 1897 sed
2359 1837 2530 1918 apud
2553 1855 2659 1900 eos

264 1944 344 2006 de
391 1962 595 2026 regno
644 1942 877 2006 annuis
927 1941 1173 2006 vicibus
1220 1940 1521 2005 habendo
1570 1962 1652 2005 ne
1697 1939 1889 2004 verbo
1937 1939 2191 2022 quidem
2238 1937 2452 2023 agitur
2479 1937 2549 2024 1).

356 2046 605 2111 Notum
661 2051 761 2112 est
822 2051 995 2130 apud
1042 2047 1346 2130 antiquos
1393 2047 1548 2110 duas
1595 2045 1993 2109 narrationes
2037 2043 2232 2108 fuisse
2278 2045 2354 2110 de
2399 2045 2658 2114 Romuli

270 2157 336 2216 et
404 2152 587 2217 Remi
655 2154 1048 2218 educatione.
1134 2151 1507 2236 Antiquior,
1576 2172 1741 2235 quae
1811 2151 1980 2234 apud
2051 2149 2655 2217 Pseudo-Victorem

266 2280 521 2343 quoque
580 2251 929 2335 invenitur,
989 2260 1190 2322 tradit
1249 2257 1595 2322 Romulum
1659 2261 1725 2320 et
1786 2257 2052 2321 Remum
2099 2257 2374 2340 primum
2421 2280 2459 2321 a
2503 2258 2656 2343 lupa

270 2365 556 2427 nutritos
627 2368 691 2427 et
756 2364 983 2426 deinde
1026 2385 1066 2426 a
1108 2364 1416 2430 Faustulo
1465 2364 1650 2428 uxori
1697 2365 2058 2429 educandos
2103 2366 2286 2453 datos
2333 2386 2486 2432 esse.
2533 2365 2653 2429 Al-

271 2475 411 2534 tera
433 2517 447 2546 ‚
510 2491 670 2553 quae
716 2469 1083 2552 posterioris
1132 2469 1357 2535 aetatis
1404 2473 1502 2534 est
1522 2518 1538 2548 ,
1584 2491 1693 2534 eos
1737 2471 1925 2553 lup‘ae
1967 2471 2268 2536 uberibus
2313 2471 2477 2536 altos
2521 2493 2654 2537 esse

268 2580 471 2660 negat
540 2575 978 2659 originemque
1047 2575 1237 2639 huius
1303 2575 1554 2640 fabulae
1625 2597 1696 2640 eo
1760 2575 1990 2654 refert,
2052 2577 2224 2661 quod
2281 2600 2319 2641 a
2363 2576 2654 2642 Faustuli

266 2703 466 2747 uxore
486 2729 501 2758 ,
589 2703 753 2765 quae
821 2681 1089 2764 vulgato
1165 2701 1425 2764 corpore
1480 2681 1661 2747 ‘inter
1728 2685 2014 2766 pastores
2079 2684 2233 2768 lupa
2299 2687 2654 2762 vocaretur,

269 2789 481 2855 educti
549 2788 697 2852 sint.
772 2787 1300 2852 Luculentissime
1367 2787 1800 2853 Mommsenus
1867 2787 2016 2874 (Die
2093 2789 2274 2855 echte
2334 2791 2468 2855 und
2553 2791 2654 2855 die

266 2896 506 2961 falsche
569 2896 740 2960 Acca
792 2895 1115 2960 Larentia.
1182 2893 1435 2970 Quaest.
1500 2895 1687 2958 Rom.
1735 2894 1822 2958 II.
1885 2918 1950 2979 p.
2003 2897 2106 2971 14,
2155 2899 2314 2981 seq.)
2363 2896 2658 2981 exposuit

268 3003 559 3067 Faustuli
600 3023 897 3079 uxorem,
947 3023 1109 3086 quae
1156 3002 1227 3064 in
1275 3001 1638 3085 antiquiore
1682 3000 1903 3068 fabula
1948 3001 2208 3064 nomine
2251 3002 2443 3084 plane
2487 3022 2656 3065 care-

270 3111 371 3172 ret
390 3156 404 3185 ,
452 3112 861 3191 posteaquam
913 3103 1085 3172 Acc‘a
1133 3108 1433 3171 Larentia
1452 3155 1467 3181 ,
1517 3105 1812 3171 Herculis
1859 3106 2156 3171 meretrix
2178 3153 2194 3180 ,
2232 3127 2378 3171 cum
2403 3128 2476 3170 ea
2497 3127 2655 3172 con-

271 3216 416 3280 fusa
485 3213 603 3291 sit,
674 3214 912 3279 Accam
983 3213 1355 3278 Larentiam
1418 3217 1711 3278 vocatam
1777 3234 1974 3298 eoque
2025 3212 2286 3277 nomine
2333 3210 2656 3279 Ciceronis

270 3323 480 3386 aetate
542 3320 624 3383 ab
667 3321 747 3384 iis
796 3341 1047 3405 quoque
1068 3367 1083 3396 ,
1134 3320 1245 3404 qui
1295 3305 1721 3404 antiquiorem
1769 3319 2196 3385 narrationem
2245 3320 2442 3386 secuti
2487 3320 2620 3384 sint
2637 3368 2654 3397 ,

266 3425 657 3511 appellatam
708 3448 859 3490 esse.
910 3426 1155 3490 Iniuria
1193 3424 1515 3510 Hauptius
1557 3426 1686 3508 (1.1.
1727 3448 1793 3509 p.
1819 3427 1934 3512 41)
1958 3426 2026 3490 in
2051 3426 2164 3503 iis,
2187 3447 2350 3510 quae
2374 3426 2655 3505 Pseudo-

266 3531 496 3596 Victor
557 3532 635 3595 de
698 3530 869 3595 Acca
937 3531 1240 3595 Larentia
1302 3533 1567 3595 tradidit
1587 3579 1603 3609 ,
1649 3532 1884 3596 idcirco
1930 3530 2172 3596 Valerii
2215 3530 2500 3594 Antiatis
2546 3553 2655 3596 ve-

267 3639 461 3722 stigia
506 3638 791 3702 invenire
840 3641 1058 3722 putat,
1120 3638 1291 3722 quod
1355 3659 1492 3699 eam
1515 3683 1530 3713 ,
1578 3658 1772 3720 quam
1819 3636 2034 3702 Livius
2055 3685 2070 3715 ,
2116 3636 2492 3722 Dionysius,
2545 3637 2652 3702 alii

269 3743 634 3808 Larentiam
683 3743 783 3807 vel
830 3742 1241 3808 Laurentiam
1283 3742 1642 3826 appellant,
1693 3763 1836 3806 cum
1883 3742 2138 3808 Valerio
2177 3743 2445 3810 Antiate
2483 3747 2654 3832 apud

270 3849 437 3914 Gell.
494 3849 653 3927 VII,
709 3851 768 3926 7,
822 3850 860 3913 5
911 3848 1036 3935 (Cf.
1086 3850 1257 3914 Plut.
1308 3848 1493 3913 Rom.
1545 3851 1622 3926 4,
1666 3849 1796 3912 Lic.
1845 3848 2010 3914 Mac.
2055 3853 2221 3935 apud
2271 3851 2468 3918 Macr.
2517 3851 2651 3920 Sat.
2729 3866 2734 3870 '

269 3955 321 4031 I,
379 3955 483 4031 10,
535 3956 644 4041 17)
691 3954 983 4020 Accam
1035 3955 1398 4019 Larentiam
1446 3959 1647 4021 vocet.
1694 3956 1787 4021 At
1830 3956 2176 4022 rectissime
2220 3957 2655 4024 Mommsenus

337 4243 397 4312 1)
438 4242 517 4298 Of.
560 4246 833 4315 praeterea
869 4241 1010 4298 Plut.
1048 4243 1203 4296 Rom.
1244 4245 1292 4296 3.
1331 4253 1437 4296 Τὰἶν
1470 4248 1563 4298 ἀπ’
1593 4249 1784 4299 Αἰνείου
1813 4254 2091 4314 γεγονότων
2121 4248 2170 4300 ἔν
2198 4251 2374 4317 ’Άλβῃ
2404 4253 2654 4315 βασιλέων

269 4329 339 4388 εἷς
375 4327 627 4392 ἀδελφοὺς
661 4328 747 4379 δύο
783 4329 1055 4392 Nomii-opu
1089 4329 1175 4378 καὶ
1212 4328 1477 4390 Ἀμούλιον
1512 4330 1539 4387 ἦ
1577 4330 1792 4395 διαδοχὴ
1827 4333 2042 4390 καθῆκεν.
2079 4335 2352 4394 Ἀμουλίου
2388 4334 2442 4386 δὲ
2460 4337 2656 4398 νείμαν-

264 4429 354 4469 ‘roc
400 4414 471 4460 τὰ
520 4411 691 4460 πάντα
739 4409 892 4474 δίχα,
941 4415 1005 4476 τῇ
1052 4411 1106 4461 δὲ
1154 4413 1394 4479 βασιλείᾳ
1440 4415 1509 4462 τὰ
1536 4412 1786 4476 χρήματα
1817 4415 1904 4464 καὶ
1936 4415 2022 4463 τὸν
2057 4412 2113 4464 ἐκ
2146 4417 2322 4476 Τροίας
2355 4417 2658 4480 κομισθέντα
2736 4451 2748 4464 .

265 4497 457 4557 χρυσὸν
496 4484 807 4554 ἀντιθέντος,
843 4496 1009 4544 εἵλετο
1045 4494 1135 4553 τὴν
1186 4497 1449 4558 βασιλείαν
1484 4498 1509 4547 δ
1543 4496 1805 4560 Νομῆτωρ.
