3184 5342
545 582 944 667 Elogium'Q.
971 580 1175 647 Fabii.

497 689 571 755 G.
626 689 678 755 I.
729 688 800 755 L.
851 690 905 754 I.
953 712 1017 774 p.
1070 688 1220 753 283.

357 794 433 869 Q.
498 793 732 859 Fabius
819 793 892 869 Q.
954 792 1026 859 F.
1092 792 1408 857 Maximus

264 899 560 965 Dictator
604 900 708 978 II,
751 899 893 967 Cos.
939 900 1021 977 V,
1049 898 1260 983 Gens„
1287 898 1401 962 In-

265 1010 476 1072 terrex
521 1006 610 1085 II,
647 1006 806 1073 Aed.
848 1028 1004 1083 cur„
1047 1004 1122 1081 Q.
1161 1006 1244 1082 II,
1289 1004 1399 1069 Tr.

266 1113 399 1177 mil.
424 1113 492 1177 11
511 1161 527 1191 ,
552 1113 887 1191 Pontifex,
914 1113 1160 1197 Augur.
1188 1112 1403 1176 Primo

269 1218 606 1283 consulatu
673 1218 941 1303 Ligures
987 1218 1243 1302 subegit
1262 1265 1278 1295 ,
1329 1238 1404 1281 ex

267 1324 346 1388 iis
371 1323 810 1409 triumphavit.
851 1324 1066 1389 Tertio
1091 1327 1156 1389 et
1179 1316 1428 1408 quarto

1819 578 1917 642 De
1960 578 2077 643 vir.
2124 578 2217 643 ill.
2269 580 2375 645 43.

1525 789 1599 866 Q.
1645 789 1876 855 Fabius
1920 790 2239 856 Maximus
2286 790 2654 871 Cunctator,

1517 900 1592 961 ut
1678 897 2069 962 Verrucosus
2154 920 2193 961 a
2260 920 2522 963 verruca
2590 898 2660 961 in

1518 1003 1715 1068 labris
1784 1004 1879 1068 ita
1926 1002 2191 1068 Ovicula
2238 1026 2277 1067 a
2324 1004 2663 1069 elementia

1524 1131 1771 1175 morum
1798 1158 1815 1189 ,
1878 1110 2101 1175 consul
2173 1113 2252 1177 de
2320 1112 2663 1196 Liguribus

1521 1216 1966 1301 triumphavit.
2010 1215 2443 1283 Hannibalem
2484 1240 2661 1282 mora

1521 1322 1739 1406 fregit.
1789 1322 2145 1388 Minucium
2192 1325 2568 1409 magistrum
2594 1347 2660 1390 e-

269 1429 703 1495 Hannibalem
739 1430 1172 1514 compluribus
1194 1430 1398 1495 victo-
1426 1483 1430 1486 .
1515 1428 1765 1511 quitum
1811 1428 1911 1491 im
1924 1452 1967 1513 p
1983 1450 2016 1491 e
2027 1429 2147 1492 rio
2188 1430 2307 1493 sibi
2339 1452 2378 1493 a
2389 1451 2422 1494 e
2434 1453 2477 1515 q
2490 1454 2531 1495 u
2544 1454 2581 1495 a
2595 1431 2665 1495 ri

269 1536 382 1600 riis
426 1535 694 1600 ferocem
741 1537 1183 1620 subsequendo
1233 1540 1408 1600 coer-

269 1642 420 1708 cuit.
468 1641 760 1707 Dictator
782 1642 1089 1727 magistro
1116 1642 1400 1727 equitum

269 1748 572 1829 Minuci0‚
609 1749 788 1815 cuius
825 1749 1105 1834 populus
1150 1749 1255 1812 im
1274 1770 1317 1832 p
1337 1770 1403 1811 e-

269 1856 480 1920 rium
553 1878 698 1920 cum
746 1856 1074 1921 dictatoris
1141 1854 1408 1939 imperio

271 1984 309 2025 a
325 1984 358 2026 e
377 1984 420 2046 q
436 1985 479 2027 u
495 1985 535 2026 a
552 1983 593 2026 v
610 1984 644 2025 e
655 1984 690 2025 r
706 1985 745 2026 a
756 1967 804 2048 t,
849 1966 915 2027 et
945 1961 1247 2027 exercitui
1262 1982 1414 2045 pro-

269 2068 495 2153 fligato
537 2090 567 2133 s
584 2091 626 2132 u
644 2068 683 2131 b
700 2089 741 2132 v
757 2090 790 2132 e
807 2068 933 2134 nit
970 2071 1035 2133 et
1058 2090 1132 2133 eo
1157 2067 1419 2132 nomine

273 2175 353 2239 ab
395 2175 672 2239 exercitu
697 2174 1064 2239 Minuciano
1089 2176 1272 2259 pater
1296 2195 1412 2257 ap-

273 2281 546 2365 pellatus
571 2283 684 2346 est.
729 2280 966 2346 Consul
995 2280 1047 2344 V
1073 2280 1423 2344 Tarentum
1457 2288 1464 2295 ’

274 2386 460 2469 cepit,
509 2386 953 2468 triumphavit.
1001 2385 1149 2450 Dux
1186 2385 1412 2450 aetatis

279 2512 430 2555 suae
467 2490 868 2555 cautissimus
914 2493 978 2553 et
1000 2491 1092 2554 rei
1117 2490 1410 2555 militaris

273 2595 696 2678 peritissimus
741 2594 1000 2659 habitus
1047 2600 1160 2660 est.
1225 2595 1414 2660 Prin-

277 2720 424 2784 ceps
469 2700 542 2763 in
573 2703 866 2765 senatum
889 2701 1156 2789 {duobus
1190 2691 1408 2766 lustris

277 2804 478 2870 lectus
525 2808 641 2873 est.

1527 1556 1749 1619 passus
1790 1535 1888 1599 est
1907 1581 1922 1612 ,
1970 1534 2389 1602 nihilominus
2411 1537 2663 1621 pericli-

1519 1641 1689 1705 tanti
1752 1663 1781 1704 s
1800 1664 1843 1704 u
1861 1639 1905 1704 b
1923 1662 1964 1705 v
1984 1662 2017 1704 e
2033 1642 2180 1705 nit.
2230 1641 2662 1707 Hannibalem

1518 1748 1588 1811 in
1608 1767 1763 1831 agro
1787 1746 2061 1812 Falerno
2082 1748 2363 1813 inclusit.
2389 1749 2662 1814 Marium

1524 1852 1849 1919 Statilium
1899 1854 2299 1939 transfugere
2322 1856 2402 1919 ad
2448 1855 2663 1920 hostes

1530 1961 1853 2025 volentem
1898 1982 2062 2045 equo
2102 1965 2167 2026 et
2190 1962 2381 2027 armis
2408 1962 2662 2026 donatis

1531 2053 1805 2131 retinuit
1850 2071 1913 2131 et
1956 2066 2215 2131 Lucano
2256 2067 2502 2131 cuidam
2529 2066 2662 2132 for-

1529 2173 1775 2237 tissimo
1822 2172 1906 2237 ob
1953 2193 2230 2237 amorem
2256 2172 2537 2236 mulieris
2558 2173 2663 2236 in-

1536 2278 1859 2362 frequenti
1896 2279 2156 2342 eandem
2188 2282 2467 2362 emptam
2492 2282 2663 2343 dono

1526 2385 1723 2449 dedit.
1802 2384 2149 2447 Tarentum
2220 2383 2301 2447 ab
2372 2384 2664 2449 hostibus

1525 2490 1799 2574 recepit,
1868 2488 2161 2554 Herculis
2209 2490 2465 2574 signum
2514 2492 2663 2555 inde

1531 2596 1920 2659 translatum
1956 2595 2025 2658 in
2066 2592 2385 2679 Capitolio
2409 2596 2662 2661 dedica-

1525 2701 1637 2765 vit.
1689 2701 1781 2764 De
1806 2700 2241 2784 redemptione
2264 2702 2663 2785 captivorum

1530 2830 1676 2871 cum
1714 2807 2007 2872 hostibus
2032 2808 2281 2892 pepigit
2296 2856 2311 2885 ,
2337 2810 2507 2893 quod
2532 2810 2665 2874 fac-

1527 2916 1666 2976 tum
1714 2934 1860 2976 cum
1886 2934 1923 2975 a
1946 2916 2173 2977 senatu
2195 2914 2664 2998 improbaretur

1531 3016 1803 3081 fundum
1842 3040 2026 3082 suum
2066 3020 2358 3085 ducentis
2384 3020 2665 3085 millibus

693 3199 709 3221 o
1531 3122 1823 3186 vendidit
1867 3126 1932 3187 et
1977 3123 2126 3187 fidei
2171 3125 2493 3189 satisfecit.

367 3227 528 3303 Quia
573 3232 638 3293 et
682 3229 1188 3295 Hildesheimero
1237 3232 1302 3293 et
1346 3227 1693 3292 Enmanno
1743 3250 2089 3293 consensus
2135 3230 2267 3294 eius
2303 3231 2497 3315 elogii
2521 3252 2661 3296 cum

275 3332 350 3409 Q.
413 3332 598 3397 Fabii
658 3335 825 3417 vita,
891 3358 928 3399 a
989 3335 1539 3400 Pseudo-Victore
1595 3334 1959 3418 conscripta
1980 3382 1995 3411 ,
2044 3336 2307 3399 maximi
2354 3338 2665 3401 momenti

274 3440 528 3505 videtur
573 3461 707 3505 esse
743 3442 822 3505 ad
848 3442 1201 3506 sententias
1226 3442 1592 3525 probandas
1614 3440 2085 3523 firmandasque
2105 3488 2120 3518 ,
2149 3445 2360 3506 totum
2384 3442 2663 3527 elogium

273 3549 604 3630 totamque
672 3546 868 3610 vitam
937 3547 1255 3632 exscripsi.
1329 3547 1468 3611 Iam
1544 3546 1817 3611 vidimus
1887 3548 2230 3629 utrumque
2300 3546 2667 3611 observasse

274 3671 656 3715 consensum
700 3652 810 3735 qui
846 3652 1016 3716 inter
1055 3650 1238 3717 Fabii
1278 3652 1480 3729 vitas,
1518 3673 1556 3715 a
1590 3649 2141 3715 Pseudo-Victore
2166 3654 2231 3714 et
2254 3673 2293 3715 a
2316 3651 2663 3722 Plutarcho

276 3757 665 3840 conscriptas
685 3804 700 3834 ,
763 3760 990 3833 exstat.
1037 3758 1234 3822 Recte
1285 3756 1669 3821 Eumannus
1718 3756 2179 3822 demonstravit
2224 3757 2663 3823 Pseudo-Vic-

273 3865 478 3925 torem
525 3862 939 3927 Plutarchum
984 3845 1212 3947 ipsum‘
1242 3884 1374 3928 non
1423 3866 1713 3927 secutum
1760 3884 1911 3926 esse.
1982 3862 2149 3928 Nam
2200 3884 2405 3947 neque
2450 3866 2663 3928 trans-

271 3966 465 4049 fugae
512 3987 782 4051 nomen‚
832 3968 1149 4033 Marius
1195 3968 1642 4045 Statilius,
1684 3989 1890 4051 neque
1938 3968 2167 4051 quanti
2215 3967 2491 4033 fundum
2538 3967 2663 4032 Fa-

276 4070 419 4135 bius
467 4073 820 4136 vendiderit
857 4074 1026 4156 apud
1069 4068 1483 4139 Plutarchum
1505 4074 1822 4137 traditum
1847 4074 1963 4137 est.
2014 4071 2256 4148 Quibus
2304 4075 2665 4145 addendum

275 4177 375 4241 est
433 4174 689 4242 Lucano
752 4177 1223 4256 mulierculam,
1279 4201 1470 4263 quam
1518 4178 1767 4263 perdite
1815 4178 2109 4261 amabat,
2160 4180 2330 4263 apud
2377 4179 2658 4245 Pseudo-

275 4280 603 4348 Vietorem
650 4286 1035 4368 emptam,
1084 4288 1254 4369 apud
1300 4266 1714 4349 Plutarchum
1764 4288 2096 4369 captam
2140 4286 2191 4371 ι)
2234 4286 2402 4351 dono
2444 4286 2661 4351 datam

343 4527 402 4597 1)
439 4524 585 4581 Plut.
621 4525 751 4583 Fab.
789 4528 872 4582 20.
911 4534 1182 4596 συλλαβὼν
1215 4534 1278 4600 τὸ
1310 4532 1542 4597 γύναιον.
1568 4572 1578 4581 .
1602 4570 1611 4581 .
1635 4571 1645 4582 .
1667 4571 1679 4583 .
1718 4529 2018 4597 ἐνεχείρισεν
2053 4530 2211 4597 αὐτῷ.
