3184 5342
1436 406 1518 470 81

274 590 344 652 in
391 588 780 672 Capitolium
827 588 1236 663 concessisse3
1285 592 1508 653 contra
1553 587 2084 669 Pseudo-Victor,
2135 586 2286 652 Flor
2337 588 2389 663 I,
2443 589 2500 670 7,
2559 590 2661 665 13,

279 693 459 757 0166.
501 693 603 771 ΙΙ,
634 694 716 757 19
739 694 1136 758 iuventutem
1162 696 1702 773 commemorant,
1742 696 1818 758 de
1840 693 2217 777 coniugibus
2242 696 2309 757 et
2329 693 2546 757 liberis
2571 698 2667 756 ta-

281 802 448 864 cent.
511 798 1017 865 Pseudo-Victor
1075 800 1472 864 iuventutem
1535 821 1709 864 cum
1753 798 1849 863 M
1872 798 2054 863 anli
2075 820 2112 862 o
2155 799 2226 862 111
2274 798 2661 883 Capitolium

279 905 514 989 fugisse
583 910 835 983 narrat,
903 928 1039 990 cap.
1106 907 1210 988 24,
1283 908 1321 970 3
1367 906 1434 969 id
1483 909 1829 971 auctore
1879 905 2194 970 Manlio
2243 905 2480 969 factum
2535 926 2668 969 esse

276 1009 486 1075 refert.
551 1012 725 1074 Idem
771 1010 999 1075 Florus
1043 1011 1130 1075 l.l.
1187 1012 1417 1075 tradit:
1473 1012 1809 1076 »iuventus
1834 1011 2035 1074 duce
2080 1010 2412 1076 Manlio
2458 1032 2669 1075 arcem

276 1114 629 1200 Capitolini
673 1107 911 1181 montis
954 1118 1252 1183 insedit’'.
1305 1117 1498 1202 Apud
1544 1118 1683 1182 Liv.
1736 1118 1819 1195 V,
1876 1119 1958 1182 47
2012 1120 2079 1181 et
2124 1117 2295 1181 Plut.
2350 1117 2526 1181 Cam.
2580 1115 2667 1181 28

277 1220 350 1296 Q.
403 1222 720 1305 Sulpicius
766 1221 968 1286 Rufus
1017 1220 1315 1307 Capitolii
1353 1224 1672 1307 praesidio
1713 1226 1981 1307 praeest.
2010 1221 2102 1287 At
2122 1223 2358 1287 idcirco
2385 1224 2670 1287 Pseudo-

277 1325 503 1391 Victor
549 1332 614 1391 et
657 1327 884 1392 Florus
928 1328 1240 1392 Manlium
1290 1326 1592 1412 Capitolii
1615 1332 1850 1393 ,ducem
1891 1328 2111 1392 fecisse
2153 1328 2471 1405 videntur,
2499 1331 2671 1411 quod

277 1454 356 1496 cx
417 1433 546 1510 iis,.
596 1434 706 1517 qui
763 1433 835 1498 in
883 1431 1198 1517 Capitolio
1248 1434 1484 1499 obsessi
1533 1435 1704 1517 sint,
1754 1434 2035 1497 Manlius
2082 1434 2149 1497 in
2197 1433 2419 1517 primis
2469 1434 2674 1497 incla-

277 1538 494 1602 ruerit.
546 1536 710 1603 Cum
759 1538 893 1603 Liv.
945 1538 1026 1618 V,
1079 1539 1182 1621 50,
1227 1562 1381 1623 seq„
1431 1540 1601 1604 Plut.
1658 1537 1836 1604 Cam.
1888 1540 1991 1624 31,
2042 1540 2125 1603 32
2162 1543 2226 1602 et
2247 1538 2475 1623 Elogio
2500 1539 2669 1621 apud

279 1643 573 1709 MommS.
617 1642 688 1709 C.
733 1644 785 1708 Ι.
827 1644 898 1708 L.
940 1644 989 1708 I.
1035 1667 1098 1729 p.
1144 1644 1274 1709 285
1314 1644 1439 1731 (Cf.
1478 1668 1670 1729 supra
1708 1669 1771 1730 p.
1821 1647 1887 1731 7)
1924 1644 2430 1710 Pseudo-Victor
2476 1644 2673 1708 tradit

282 1748 623 1816 Camillum
668 1751 1068 1836 prohibuisse
1113 1752 1453 1835 quominus
1499 1753 1773 1836 populus
1824 1752 2017 1817 Veios
2065 1752 2534 1835 commigraret.

372 1962 584 2049 Caput
629 1963 881 2029 XXIV.
931 1964 1242 2028 Manlium
1291 1964 1374 2027 ob
1423 1962 1751 2027 defensum
1800 1961 2191 2048 Capitolium
2240 1962 2675 2047 Capitolinum

285 2070 524 2133 dictum
571 2092 703 2136 esse
749 2074 1000 2155 praeter
1045 2068 1661 2135 Pseudo-Victorem
1706 2069 1847 2135 Liv.
1899 2069 1981 2147 V,
2036 2071 2141 2147 31,
2196 2071 2254 2137 2.
2309 2069 2425 2148 VI,
2481 2072 2585 2148 17,
2614 2069 2675 2148 5,

285 2174 458 2239 Plut.
512 2173 685 2243 Cam.
738 2178 844 2259 36,
893 2176 1048 2241 Zon.
1099 2176 1267 2253 VII,
1319 2176 1422 2241 24.
1473 2198 1534 2258 p.
1589 2173 1740 2239 358.
1793 2174 1852 2238 D
1900 2179 2328 2239 narraverunt
2354 2174 2426 2257 1).
2476 2175 2669 2239 Man-

283 2282 440 2367 lium
480 2284 748 2347 sedecim
790 2304 994 2348 annos
1032 2286 1256 2347 natum
1297 2282 1504 2366 prima
1527 2280 1845 2364 stipendia
1873 2280 2175 2344 meruisse
2198 2302 2363 2345 unus
2389 2281 2673 2344 Pseudo-

288 2388 510 2454 Victor
555 2390 899 2465 memorat,
949 2391 1234 2452 attamen
1281 2388 1528 2451 Plinius
1567 2386 1719 2451 Nat.
1756 2385 1927 2451 Hist.
1955 2385 2108 2463 VII,
2138 2387 2245 2463 28,
2272 2386 2381 2469 qui
2407 2387 2675 2450 eundem

285 2497 610 2557 auctorem
665 2496 917 2557 secutus
965 2515 1097 2557 esse
1144 2494 1412 2575 videtur,
1462 2494 1529 2556 id
1579 2514 1713 2556 non
1760 2492 2107 2576 ignoravit.
2158 2480 2459 2574 Legimus
2508 2492 2678 2575 apud

223 2598 228 2602 ’
284 2598 496 2663 hunc:
550 2602 740 2663 »ante
786 2598 983 2663 XVII
1029 2620 1270 2662 annum
1319 2598 1471 2662 bina
1520 2601 1775 2682 ceperat
1821 2597 2043 2681 spolia,
2094 2597 2338 2680 primus
2384 2597 2674 2661 omnium

285 2726 474 2788 eques
521 2726 821 2769 coronam
864 2705 1172 2768 muralem
1220 2706 1578 2787 acceperat,
1639 2702 1731 2769 VI
1780 2701 2046 2784 civicaS,
2101 2700 2420 2767 XXXVII
2470 2706 2638 2767 dona
2660 2750 2676 2781 ,

283 2809 518 2875 XXIII
561 2810 881 2875 cicatrices
929 2813 1194 2875 adverso
1243 2813 1498 2893 pectore
1533 2808 1947 2892 'exceperat”.
1994 2806 2095 2871 Ex
2146 2810 2367 2872 eodem
2392 2831 2520 2893 quo
2547 2811 2675 2875 Pli-

282 2917 426 2980 nius
471 2921 535 2980 et
579 2916 1092 2981 Pseudo-Victor
1137 2919 1395 2981 auctore
1441 2916 1585 2992 Liv.
1637 2914 1727 2991 II,
1781 2915 1903 2991 20,
1958 2915 2039 2978 78
2083 2917 2359 2997 pendere
2384 2916 2679 2994 videtur,

286 3022 603 3086 Manlium
665 3024 836 3086 enim
896 3023 1064 3086 dona
1121 3024 1578 3106 imperatorum
1626 3023 1709 3083 ad
1756 3020 2184 3104 quadraginta
2229 3022 2569 3104 protulisse
2609 3025 2676 3087 et

287 3130 509 3209 pectus
555 3127 840 3209 'insigne
907 3127 1302 3192 cicatricibus
1371 3129 1539 3193 bello
1600 3128 1873 3211 acceptis
1942 3130 2215 3191 nudasse
2280 3128 2480 3192 tradit
2545 3126 2671 3214 (Of.

293 3252 484 3313 supra
528 3254 591 3316 p.
648 3232 781 3316 22).

386 3335 481 3400 De
543 3336 786 3401 Manlio
806 3384 821 3415 ,
887 3334 1187 3420 Capitolii
1231 3337 1594 3417 defensore,
1640 3340 1767 3403 iam
1810 3340 2102 3424 proximo
2124 3416 2129 3421 ⁸
2152 3340 2361 3424 capite
2412 3341 2677 3424 egimus,

289 3440 482 3506 Errat
527 3442 1035 3507 Pseudo-Victor
1054 3490 1069 3520 ,
1121 3443 1230 3507 ubi
1279 3466 1353 3508 ea
1374 3492 1390 3522 ,
1439 3466 1602 3529 quae
1647 3445 1928 3509 Manlius
1976 3448 2239 3529 propter
2289 3443 2675 3529 Capitolium

290 3548 620 3613 defensum
665 3550 942 3633 accepit,
993 3555 1336 3615 enumerat.
1403 3550 1755 3636 Nunquam
1803 3552 1860 3614 61
1908 3551 2229 3614 Patronus
2276 3572 2511 3615 nomen
2557 3573 2679 3634 pu-

291 3655 454 3719 blice
518 3657 740 3720 datum
801 3659 931 3733 est;
988 3678 1163 3721 error
1221 3656 1372 3720 inde
1431 3638 1605 3721 ortus
1654 3679 1786 3721 esse
1833 3656 2085 3721 videtur
2106 3705 2123 3740 ,
2175 3657 2345 3740 quod
2394 3656 2675 3721 Manlius

289 3764 510 3845 postea
551 3761 801 3839 ‘civium
855 3763 1110 3846 patroni
1165 3766 1376 3847 partes
1439 3764 1718 3846 suscepit
1778 3760 1901 3847 (Cf.
1965 3762 2104 3827 Liv.
2171 3762 2297 3839 VI,
2364 3763 2444 3827 18
2470 3810 2485 3839 ,
2555 3765 2675 3829 14:

295 3866 475 3952 »Ego
544 3888 643 3931 me
703 3870 1047 3952 patronum
1107 3868 1409 3952 profiteor
1469 3869 1675 3952 plebis
1695 3914 1710 3944 ,
1774 3868 1947 3951 quod
2009 3868 2167 3931 mihi
2219 3889 2370 3933 cura
2420 3890 2561 3932 mea
2612 3872 2677 3933 et

287 3972 446 4037 fides
507 3994 744 4037 nomen
801 3974 1130 4061 induit.”).
1191 3974 1416 4059 Neque
1476 3974 1752 4059 populus
1818 3974 1875 4038 ei
1928 3974 1998 4037 in
2046 3973 2363 4058 Capitolio
2415 3978 2675 4040 domum

289 4082 500 4159 dedit;
541 4101 667 4165 quo
707 4084 991 4165 tempore
1032 4082 1204 4146 enim
1246 4080 1634 4167 Capitolium
1675 4103 1713 4143 a
1753 4070 1954 4145 Gallis
1996 4082 2522 4166 oppugnabatur,
2546 4082 2676 4146 iam

287 4187 364 4251 in
433 4185 748 4271 Capitolio
807 4186 1146 4252 habitabat
1207 4186 1332 4273 (Of.
1383 4187 1524 4252 Liv.
1575 4185 1669 4264 V,
1720 4188 1805 4251 47
1828 4236 1845 4271 ,
1896 4189 1935 4252 8
1958 4235 1974 4265 ,
2022 4187 2133 4251 ubi
2178 4187 2443 4252 selibrae
2486 4187 2676 4253 farris

363 4438 422 4506 1)
459 4436 538 4491 Cf.
587 4436 830 4493 Momms.
878 4436 1064 4491 Herm.
1103 4437 1172 4493 V.
1192 4455 1242 4507 p.
1265 4437 1368 4489 247
1401 4464 1449 4483 =
1477 4406 1695 4505 Quaest.
1730 4436 1885 4493 Rom.
1924 4438 2003 4493 H.
2038 4456 2087 4509 p.
2116 4438 2229 4505 184,
2252 4437 2677 4511 Schwegl.Hist.

288 4524 448 4580 Rom.
485 4523 596 4579 ΠΙ.
633 4544 682 4596 p.
722 4525 842 4579 258.
879 4524 1000 4580 adn.
1040 4524 1090 4578 3.

2357 4630 2387 4677 6
