3184 5342
1684 432 1767 497 68

536 619 702 685 clitis
748 621 963 684 statua
1011 618 1082 681 in
1130 616 1404 682 Comitio
1424 664 1440 694 ‚
1488 617 1659 701 apud
1703 616 2314 683 Pseudo-Victorem
2352 618 2420 683 in
2452 618 2785 684 Vulcanali
2806 641 2931 704 po-

532 726 656 792 sita
702 729 815 790 est.
863 724 1156 789 Fortasse
1198 722 1698 789 Pseudo-Victor
1717 770 1734 801 ‚
1782 745 1959 789 more
2005 745 2117 789 suo
2137 771 2153 801 ‚
2202 746 2335 789 rem
2353 772 2368 802 ‚
2418 728 2493 789 ut
2544 726 2679 789 eius
2718 730 2931 791 aetate

531 853 661 895 sese
724 831 1036 907 habebat,
1087 830 1378 914 exposuit
1424 827 1552 914 (Of.
1602 852 1794 913 supra
1838 852 1901 913 p.
1954 831 2044 915 8).
2115 830 2173 894 E
2220 831 2426 896 Gellio
2474 832 2609 916 IV,
2663 832 2701 895 5
2750 832 2927 895 enim

531 939 755 1001 notum
805 940 934 1013 est,
975 935 1230 999 Horatii
1279 933 1540 1002 Coclitis
1589 937 1867 999 statuam
1890 982 1906 1012 ‚
1954 921 2026 999 in
2074 934 2353 1001 Comitio
2403 937 2678 1021 positam
2700 984 2715 1013 ‚
2742 940 2926 1021 post-

524 1065 714 1125 quam
765 1045 842 1107 de
889 1042 1062 1107 caelo
1108 1046 1282 1105 tacta
1327 1045 1492 1105 esset
1511 1088 1526 1118 ‚
1564 1041 1638 1104 in
1678 1063 1823 1106 area
1866 1041 2145 1106 Vulcani
2185 1044 2492 1107 statutam
2520 1063 2673 1107 esse.
2717 1041 2950 1133 Quam⁸

525 1152 801 1212 statuam
850 1147 1042 1212 etiam
1087 1146 1286 1212 Plinii
1331 1149 1540 1211 aetate
1587 1147 1905 1211 exstitisse
1952 1148 2133 1213 testis
2176 1152 2271 1213 est
2308 1147 2445 1233 ipse
2485 1147 2738 1212 Plinius
2764 1147 2922 1213 Nat.

524 1254 695 1318 Hist.
758 1254 1051 1319 XXXIV
1070 1301 1087 1331 ‚
1155 1253 1260 1321 22.
1331 1252 1626 1318 Fortasse
1689 1252 2179 1318 Rosenhauerus
2242 1276 2305 1337 p.
2350 1253 2435 1319 45
2501 1256 2672 1338 recte
2720 1253 2881 1317 vidit
2902 1300 2921 1330 ‚

521 1360 632 1424 ubi
691 1360 813 1424 hoc
875 1363 1069 1443 caput
1132 1382 1209 1424 ex
1269 1359 1486 1423 eodem
1549 1358 1731 1423 fonte
1752 1407 1768 1437 ‚
1834 1380 1959 1444 quo
2024 1360 2199 1423 Plut.
2249 1360 2437 1424 Publ.
2495 1361 2577 1424 16
2602 1407 2618 1437 ‚
2665 1358 2923 1424 fluxisse

386 1502 394 1509 -
523 1466 795 1531 coniecit
821 1464 894 1551 1).
952 1463 1249 1531 Ceterum
1295 1464 1682 1530 Plutarchus
1730 1487 1875 1531 cum
1926 1465 2475 1531 Pseudo-Victore
2521 1466 2713 1550 plane
2760 1487 2918 1530 con-

522 1574 698 1655 gruit
716 1618 733 1651 ‚
782 1572 859 1636 de
902 1571 1194 1637 Ianiculo
1244 1578 1460 1636 tamen
1508 1572 1765 1637 obsesso
1814 1572 2204 1637 mentionem
2248 1593 2382 1636 non
2427 1570 2602 1636 facit.

611 1785 820 1871 Caput
878 1786 1031 1851 XII.
1094 1786 1237 1850 Hoc
1283 1786 1489 1870 capite
1535 1785 1843 1870 quaedam
1894 1790 2079 1865 sunt,
2127 1808 2291 1872 quae
2338 1790 2451 1852 aut
2494 1808 2749 1870 perraro
2800 1791 2918 1852 aut

518 1894 686 1977 apud
735 1892 980 1957 nullum
1033 1891 1229 1956 alium
1275 1893 1646 1975 scriptorem
1693 1892 2130 1957 inveniuntur.
2166 1894 2430 1958 Praeter
2469 1893 2911 1959 Pseudo-Vic-

516 2000 718 2062 torem
781 2001 846 2061 et
907 2019 1012 2061 eos
1075 1998 1411 2081 scriptores
1430 2044 1445 2075 ‚
1508 1998 1621 2081 qui
1670 2019 1750 2061 ex
1799 1998 2017 2062 eodem
2063 1998 2245 2062 fonte
2291 1999 2643 2064 hauserunt
2691 1997 2909 2084 (Amp.

519 2104 632 2187 20,
687 2106 763 2180 3,
811 2102 1022 2168 Schol.
1071 2101 1230 2169 Bob.
1279 2104 1349 2167 in
1396 2100 1525 2168 Cic.
1579 2102 1685 2166 Or.
1738 2123 1855 2188 pro
1904 2103 2061 2169 Sest.
2114 2104 2193 2167 21
2222 2151 2239 2181 ‚
2287 2106 2373 2169 48
2403 2105 2491 2191 2),
2524 2106 2693 2170 solos
2719 2104 2908 2171 Dion.

514 2208 664 2276 Hal.
707 2210 768 2274 V
791 2258 806 2287 ‚
851 2210 964 2286 25,
1010 2210 1165 2275 Zon.
1208 2208 1373 2288 VII,
1413 2210 1512 2273 12.
1541 2232 1605 2293 p.
1635 2208 1782 2273 335.
1814 2207 1894 2286 O,
1922 2208 2132 2275 Schol.
2160 2210 2242 2273 ad
2265 2208 2435 2275 Flor.
2464 2214 2518 2289 Ι,
2551 2213 2632 2278 10
2659 2212 2907 2297 (Jahn’s

513 2315 708 2380 Arch.
768 2315 948 2380 XVI.
1019 2317 1212 2381 1850.
1289 2339 1354 2400 p.
1408 2316 1520 2400 99)
1585 2317 1664 2379 de
1708 2314 1925 2379 Mucio
1969 2312 2245 2379 Cordo
2293 2316 2496 2400 egisse
2542 2317 2668 2381 iam
2712 2338 2905 2399 supra

514 2423 936 2507 exposuimus
989 2426 1080 2507 (p.
1133 2422 1267 2506 50).
1319 2419 1687 2486 Scaevolam
1733 2425 2291 2504 purpuratum
2338 2443 2457 2507 pro
2502 2443 2652 2507 rege
2691 2422 2909 2506 decep-

513 2533 650 2592 tum
709 2528 1108 2593 interfecisse·
1157 2527 1706 2604 Pseudo-Victor,
1769 2525 1935 2591 Flor.
1987 2526 2020 2590 I
2042 2574 2058 2604 ,
2113 2527 2229 2610 lo,
2284 2527 2323 2589 5
2372 2530 2437 2590 et
2480 2526 2694 2591 Schol.
2744 2527 2905 2593 Bob.

514 2634 556 2700 l.
586 2633 629 2697 l.
696 2636 1108 2699 rettulerunt.
1176 2632 1333 2698 Veri
1399 2632 1603 2697 simile
1665 2636 1762 2697 est
1829 2630 2088 2696 Florum
2160 2630 2263 2695 hic
2333 2630 2903 2694 Pseudo-Victoris

513 2744 835 2803 auctorem
883 2742 1167 2804 secutum
1215 2761 1368 2803 esse.
1418 2740 1597 2804 Inter
1637 2737 1941 2803 Scholion
1980 2737 2139 2802 Bob.
2184 2741 2249 2801 et
2287 2735 2907 2801 Pseudo-Victorem

513 2847 735 2909 tantus
799 2849 894 2909 est
960 2865 1301 2909 consensus
1322 2892 1338 2923 ‚
1401 2849 1474 2908 ut
1537 2844 1819 2907 dubitari
1866 2865 1999 2907 non
2047 2843 2251 2928 possit
2267 2890 2283 2919 ‚
2334 2842 2492 2925 quin
2538 2862 2573 2905 e
2622 2841 2907 2905 Pseudo-

510 2950 777 3016 Victore
822 2951 961 3035 ipso
1011 2955 1122 3015 aut
1167 2974 1246 3016 ex
1292 2952 1424 3017 eius
1469 2954 1727 3016 auctore
1778 2951 2179 3032 desumptum
2228 2949 2333 3013 sit.

861 3057 1070 3123 Schol.
1139 3057 1299 3122 Bob.
2058 3053 2593 3119 Pseudo-Victor.

599 3165 696 3230 De
773 3162 844 3229 O.
903 3164 1115 3229 Mucio
1187 3162 1236 3229 O
1256 3186 1293 3228 o
1309 3186 1342 3227 r
1358 3166 1396 3228 d
1414 3184 1452 3227 o
1521 3184 1655 3227 non
1841 3162 2088 3226 Mucius
2130 3160 2180 3225 O
2200 3182 2238 3225 o
2254 3182 2287 3225 r
2303 3164 2344 3224 d
2361 3183 2403 3224 ιι
2420 3182 2450 3224 s
2470 3207 2485 3236 ‚
2529 3160 2627 3223 vir
2668 3159 2909 3224 Roma-

505 3270 810 3356 ignobilis
845 3271 1114 3335 historia
1131 3318 1148 3348 ‚
1174 3271 1282 3354 qui
1305 3270 1476 3335 solus
1500 3271 1658 3332 adu·
1752 3290 1875 3331 nae
1916 3268 2335 3332 constantiae.
2363 3313 2379 3329 .
2417 3266 2487 3329 in
2524 3269 2734 3330 castra
2757 3266 2907 3330 Por-

508 3378 749 3442 lescens
795 3377 1015 3461 vigore
1061 3376 1258 3440 animi
1305 3374 1657 3442 strenuissi-
1751 3395 1988 3438 sennae
2026 3372 2206 3437 venit
2243 3372 2461 3455 ibique
2499 3393 2541 3455 p
2559 3394 2601 3435 u
2619 3393 2710 3455 rp
2728 3394 2771 3435 u
2788 3393 2820 3435 r
2837 3393 2908 3435 a-

508 3507 648 3549 mus
711 3506 854 3549 cum
913 3483 1306 3548 Porsennam
1353 3481 1667 3545 Etrusco-¹
1752 3483 1787 3542 t
1801 3502 1844 3542 u
1862 3502 1927 3542 m
1988 3499 2106 3563 pro
2152 3498 2302 3562 rege
2348 3480 2389 3541 d
2406 3500 2439 3541 e
2456 3498 2491 3541 c
2506 3500 2541 3541 e
2555 3501 2598 3562 p
2617 3481 2647 3541 t
2664 3500 2705 3541 u
2722 3500 2753 3542 s
2798 3499 2906 3542 oc-

507 3613 650 3655 rum
743 3611 958 3674 regem
1051 3588 1242 3653 vellet
1337 3586 1619 3652 occidere
1640 3633 1656 3664 ‚
1750 3584 1925 3651 cidit.

388 3751 394 3757 .
505 3696 546 3759 d
562 3718 596 3760 e
614 3718 648 3759 c
663 3718 698 3760 e
720 3718 763 3780 p
782 3698 812 3759 t
824 3719 867 3760 u
889 3718 919 3759 s
945 3693 1361 3760 similitudine
1377 3692 1661 3772 habitus,

503 3823 705 3886 purp
724 3823 815 3865 ur
833 3805 1055 3866 atum
1081 3800 1460 3866 eiusoccidit
1477 3802 1654 3865 coni'-

501 3907 976 3992 prehensusque
1036 3906 1294 3972 virtutis
1349 3904 1658 3971 miraculo

509 4015 806 4079 dimissus
851 4015 966 4079 est.

909 4190 958 4200 -

576 4304 631 4373 1)
670 4300 1119 4366 RosenhaueruS,
1155 4295 1538 4368 Kiesslingium
1572 4294 1646 4350 1.l.
1681 4314 1734 4367 p.
1772 4294 1841 4346 24
1879 4295 1934 4347 et
1968 4292 2037 4346 H.
2079 4291 2327 4346 Peterum
2362 4290 2435 4346 l.l.
2474 4310 2524 4363 p.
2562 4293 2630 4345 45
2670 4294 2908 4373 secutus,

519 4389 864 4445 Plutarchum
903 4387 960 4442 in
1005 4384 1313 4441 Publicolae
1349 4382 1460 4439 vita
1493 4381 1769 4437 Antiatem
1803 4397 1901 4453 pro
1935 4378 2082 4434 fonte
2110 4376 2355 4433 habuisse
2387 4379 2556 4449 putat.

585 4480 640 4547 2)
697 4474 1018 4530 Rectissime
1077 4470 1526 4527 Hildcsheimerus
1574 4488 1627 4541 p.
1665 4470 1769 4534 45,·
1810 4484 1918 4537 seq.
1969 4466 2069 4519 hoc
2116 4469 2171 4519 et
2213 4463 2467 4519 nonnulla
2509 4462 2611 4519 alia
2644 4461 2844 4519 scholia
2880 4482 2912 4520 e

530 4561 986 4619 Pseudo-Victore
1021 4561 1137 4633 ipso
1172 4561 1267 4613 aut
1301 4576 1366 4613 ex
1402 4556 1514 4611 eius
1550 4558 1766 4611 auctore
1802 4552 2078 4626 desumpta
2114 4570 2227 4608 esse
2260 4550 2508 4608 ostendit.
