3184 5342
1393 392 1422 433 ,
1702 348 1787 413 54

557 527 836 592 ostendit
895 529 1060 612 apud
1124 527 1450 593 Valerium
1497 528 1829 593 Antiatem
1878 531 2108 595 Accam
2156 528 2521 594 Larentiam
2569 528 2825 594 Romuli
2871 533 2934 595 et

555 634 739 699 Remi
788 634 1100 698 nutricem
1153 655 1280 697 non
1335 634 1528 699 fuisse
1553 634 1627 720 1).

643 739 1157 804 Pseudo-Victor
1180 739 1337 803 facit
1385 762 1528 804 eum
1573 742 1686 819 iis,
1742 743 1855 826 qui
1900 742 2244 806 Romulum
2289 741 2425 805 iure
2472 762 2606 818 su0,
2634 763 2767 806 non
2791 742 2935 806 dolo

553 870 735 911 usum
779 848 1088 930 »augurio
1114 846 1460 909 victorem‘’
1485 846 1679 912 fuisse
1714 849 1977 912 tradunt
1992 846 2115 931 (Cf.
2142 846 2313 910 Eun.
2340 848 2509 931 apud
2536 846 2663 913 Cic.
2691 849 2768 911 de
2792 846 2933 912 Div.

552 954 621 1031 I,
671 955 794 1029 48,
849 953 997 1029 107,
1047 951 1163 1016 Ov.
1212 950 1367 1015 Fast
1412 952 1528 1030 IV,
1579 954 1731 1019 817.
1784 954 1863 1035 V,
1923 954 2070 1018 151.
2118 954 2298 1038 461).

644 1059 722 1124 In
769 1059 954 1123 Remi
993 1062 1195 1122 morte
1220 1059 1528 1121 tradenda
1558 1059 2019 1143 »vulgatiorem
2045 1059 2323 1123 famam‘’
2350 1060 2632 1144 sequitur
2654 1060 2935 1124 Pseudo-

554 1165 799 1242 Victor,
849 1187 1010 1249 quae
1057 1186 1230 1241 eum,
1282 1186 1426 1228 cum
1477 1187 1686 1229 muros
1727 1165 2151 1230 transiluisset
2170 1214 2185 1243 ,
2230 1166 2505 1230 occisum
2554 1187 2686 1230 esse
2725 1166 2935 1230 refert.

553 1270 725 1346 Quae
787 1273 999 1334 autem
1064 1269 1184 1333 1100
1247 1270 1322 1334 de
1383 1292 1452 1333 re
1517 1272 1748 1346 tradit,
1798 1274 1965 1355 apud
2014 1270 2348 1355 plerosque
2395 1271 2553 1335 alios
2600 1271 2937 1356 scriptores

553 1396 686 1439 non
739 1377 1061 1459 leguntur.
1119 1374 1304 1439 Unus
1352 1374 1616 1441 Ovidius
1664 1398 1808 1440 011111
1855 1398 1928 1441 eo
1976 1376 2168 1462 plane
2212 1378 2512 1461 congruit
2536 1376 2607 1464 ⁹).
2660 1378 2757 1441 De
2804 1377 2936 1441 Ro-

497 1475 504 1483 ’
553 1480 709 1543 011111
755 1480 928 1564 lege,
979 1503 1170 1564 quam
1217 1480 1456 1545 Remus
1503 1502 1716 1546 muros
1765 1483 2129 1547 transiliens
2177 1483 2476 1560 violavit,
2504 1486 2753 1567 praeter
2778 1483 2933 1548 Ovi-

551 1585 724 1651 dium
776 1593 840 1650 et
863 1586 1496 1663 Pseudo-Victorem,
1524 1587 1917 1671 Pomponius
1942 1589 2008 1652 in
2031 1588 2179 1673 Dig.
2198 1589 2247 1666 I,
2278 1590 2341 1667 8,
2371 1591 2449 1655 11
2480 1593 2737 1654 tantum
2762 1590 2934 1673 agit:

557 1689 665 1755 »Si
721 1692 862 1775 quis
925 1692 1260 1755 violaverit
1317 1713 1561 1771 muros,
1617 1694 1825 1777 capite
1888 1695 2155 1778 punitur
2174 1743 2189 1772 ,
2239 1695 2424 1759 sicuti
2470 1696 2524 1760 si
2570 1696 2713 1780 quis
2753 1699 2936 1759 tran-

551 1800 810 1862 scendet
855 1797 1039 1861 scalis
1086 1797 1356 1861 admotis
1403 1797 1504 1862 vel
1551 1798 1679 1862 alia
1726 1800 2012 1883 qualibet
2057 1802 2322 1865 ratione.
2374 1801 2544 1867 Nam
2591 1802 2757 1866 cives
2801 1801 2936 1865 Ro-

551 1925 776 1968 manos
821 1904 947 1967 alia
991 1925 1181 1987 quam
1230 1924 1343 1987 per
1387 1906 1603 1986 portas
1648 1906 1864 1989 egredi
1910 1927 2044 1969 non
2093 1906 2278 1983 licet,
2328 1929 2471 1971 cum
2518 1908 2677 1973 illud
2701 1907 2936 1971 hostile

550 2014 614 2073 et
661 2009 1158 2074 abominandum
1201 2010 1319 2085 sit;
1361 2032 1512 2073 nam
1535 2013 1602 2073 et
1625 2011 1882 2075 Romuli
1906 2012 2103 2075 frater
2126 2012 2363 2076 Remus
2388 2014 2633 2077 occisus
2659 2014 2935 2077 traditur

552 2115 634 2178 ob
695 2115 760 2177 id
788 2163 804 2191 ,
845 2115 1014 2199 quod
1077 2136 1327 2179 murum
1376 2117 1821 2181 transcendere
1868 2101 2204 2181 voluerit’3.
2254 2116 2418 2180 Eum
2441 2164 2455 2193 ,
2505 2119 2616 2201 qui
2664 2118 2933 2182 Remum

550 2220 800 2298 occidit,
865 2220 1148 2287 Celerem
1203 2220 1533 2304 appellant
1573 2220 1757 2286 Ovid.
1806 2222 1978 2285 Fast.
2028 2222 2146 2299 IV,
2198 2223 2351 2287 843.
2401 2222 2481 2300 V,
2535 2224 2690 2300 469,
2740 2223 2933 2287 Dion.

551 2326 702 2393 Hal.
741 2327 804 2404 I,
849 2327 956 2403 87,
991 2327 1161 2391 Plut.
1189 2330 1375 2391 Rom.
1408 2327 1509 2411 10,
1553 2326 1721 2391 Fest.
1761 2350 1821 2394 v.
1865 2327 2133 2394 Celeres
2176 2328 2255 2392 In
2280 2328 2400 2392 hac
2424 2329 2500 2393 (10
2522 2328 2707 2393 Remi
2731 2334 2939 2393 morte

553 2433 919 2497 narratione
980 2431 1304 2516 Hauptius
1364 2433 1431 2517 (l.
1483 2434 1525 2499 l.
1574 2456 1637 2517 p.
1691 2434 1804 2518 41)
1852 2437 1917 2497 et
1950 2433 2448 2498 'Rosenhauerus
2496 2435 2563 2511 (l.
2612 2436 2654 2497 l.
2702 2457 2766 2516 p.
2818 2436 2937 2517 44)

554 2538 878 2603 Valerium
936 2539 1268 2604 Antiatem
1307 2539 1666 2604 adhibitum
1714 2560 1846 2603 esse
1892 2543 2143 2624 putant.
2192 2538 2583 2602 Liebaldtius
2630 2540 2735 2619 (de
2784 2538 2927 2599 Val.

550 2645 709 2711 Ant.
774 2668 988 2729 progr.
1019 2646 1415 2729 oNurnberg.
1487 2648 1679 2713 1840.
1720 2670 1783 2730 p.
1846 2648 1979 2731 20),
2037 2666 2307 2730 quocum
2353 2641 2772 2725 Kiesslingius
2820 2642 2930 2723 (de

555 2750 744 2815 Dion.
817 2750 968 2814 Hal.
1035 2756 1160 2816 ant.
1231 2756 1399 2819 auct.
1449 2753 1562 2816 lat.
1614 2776 1677 2837 p.
1730 2754 1841 2838 22)
1892 2755 1955 2817 et
1998 2751 2081 2815 H.
2134 2752 2396 2817 Peterus
2445 2749 2644 2833 (Plut.
2718 2746 2935 2810 fontes

552 2856 620 2919 in
668 2855 851 2922 Rom.
901 2856 1012 2920 vit.
1062 2880 1125 2941 p.
1183 2856 1335 2943 153)
1382 2858 1655 2936 faciunt,
1707 2859 1875 2943 apud
1920 2856 2245 2922 Valerium
2292 2854 2624 2918 Antiatem
2648 2851 2936 2917 Celerem

629 3065 684 3133 1)
724 3065 967 3120 Momms.
1016 3066 1088 3121 l.l.
1131 3086 1181 3138 p.
1232 3068 1318 3123 14.
1370 3064 1510 3122 adn.'
1546 3070 1631 3123 32.
1690 3067 1926 3133 „Gellius
1976 3064 2115 3130 VII,
2168 3066 2198 3117 7
2250 3062 2446 3117 erzahlt
2492 3079 2601 3117 von
2649 3060 2743 3115 der
2795 3060 2941 3115 Acca

554 3150 835 3217 Larentia,
891 3152 1009 3207 dass
1062 3153 1136 3208 sie
1183 3153 1266 3209 bei
1313 3153 1522 3225 einigen
1571 3153 1912 3217 Annalisten‚
1961 3155 2233 3207 worunter
2282 3168 2340 3203 er
2376 3147 2478 3203 den
2517 3147 2705 3201 Antias
2742 3150 2909 3202 nennt
2922 3188 2938 3211 ,

554 3236 777 3291 austrete
824 3238 900 3292 als
933 3238 1110 3294 reiche
1145 3240 1374 3305 Hetare,
1412 3240 1498 3295 die
1527 3240 1611 3295 ihr
1646 3240 1950 3310 Vermogen
1987 3238 2107 3292 dem
2144 3236 2325 3307 Konig
2359 3234 2487 3290 01101·
2524 3234 2618 3287 der
2654 3232 2939 3287 Gemeinde

559 3322 906 3379 hinterlassen
941 3326 1103 3391 habe,
1145 3327 1380 3398 dagegen
1417 3327 1502 3382 bei
1535 3325 1804 3381 Masurius
1842 3325 2066 3379 Sabinus
2104 3324 2240 3378 nach
2276 3322 2506 3377 anderen
2536 3320 2843 3375 Chroniken
2860 3318 2959 3372 als·

555 3410 746 3465 Ammo
791 3411 884 3467 des
931 3412 1201 3467 Romulus.
1259 3411 1440 3467 Damit
1485 3412 1554 3466 ist
1602 3412 1740 3467 doch
1794 3413 2008 3481 gesagt,
2052 3410 2174 3463 dass
2213 3409 2299 3463 die
2336 3412 2473 3463 erste
2508 3406 2797 3478 Kategorie
2832 3423 2939 3459 von

559 3497 652 3552 der
699 3499 842 3553 Acca
888 3498 1142 3553 Larentia
1190 3497 1268 3553 als
1321 3498 1416 3553 der
1463 3499 1652 3553 Amme
1696 3498 1787 3551 des
1834 3495 2100 3550 Romulus
2148 3494 2323 3549 nichts
2361 3498 2582 3558 wusste,
2621 3492 2734 3547 und
2769 3491 2937 3545 einem

559 3581 899 3655 Philologen‚
935 3582 1032 3638 wie
1071 3582 1272 3638 Gellius
1307 3602 1445 3647 war,
1485 3584 1629 3638 kann
1668 3601 1790 3638 man
1824 3581 1987 3637 sehon
2024 3583 2305 3644 zutrauen,
2345 3580 2464 3633 dass
2501 3597 2559 3634 er
2596 3578 2700 3634 den
2736 3579 2939 3649 Gegen-

557 3674 668 3726 satz
699 3671 796 3725 der
830 3670 1017 3728 beiden
1052 3670 1466 3741 Darstellungen
1503 3669 1697 3741 richtig
1732 3670 1922 3725 erfasst
1956 3667 2101 3722 hat.’'

630 3759 688 3827 2)
727 3756 808 3811 Cf.
847 3757 946 3812 Ov.
985 3757 1127 3811 Fast.
1165 3756 1273 3822 IV,
1313 3758 1445 3821 837,
1481 3774 1588 3826 seq.

911 3844 1030 3897 Hoc
1069 3842 1218 3897 Celer
1254 3846 1413 3914 urget
1454 3861 1613 3913 opuS,
1650 3860 1806 3913 quem
1845 3841 2104 3895 Romulus
2140 3840 2251 3911 ipse
2285 3843 2528 3904 vocarat,

984 3928 1266 3998 „Sintque,
1306 3929 1486 3994 Celer,
1525 3945 1683 3983 curae
1695 3926 1747 3993 ,''
1791 3926 2025 3994 dixerat,
2064 3927 2201 3994 „ista
2236 3926 2377 3981 tuae.

912 4016 1064 4070 Neve
1101 4014 1216 4085 quis
1253 4018 1348 4069 aut
1384 4033 1564 4069 muros
1600 4019 1695 4069 aut
1728 4013 1917 4068 factam
1957 4031 2166 4068 vomere
2200 4011 2395 4067 fossam

983 4102 1270 4165 Transeat,
1313 4101 1594 4156 audentem
1633 4100 1760 4155 talia
1797 4099 1930 4155 dede
1966 4099 2133 4155 neci.'’
2203 4171 2205 4174 Ι

911 4187 1063 4255 Quod
1100 4189 1300 4241 Remus
1337 4186 1586 4258 ignorans
1625 4185 1848 4241 humiles
1885 4189 2217 4256 contemnere
2253 4204 2431 4240 muros

982 4272 1171 4346 Coepit
1208 4277 1262 4328 et
1297 4272 1436 4339 „His
1474 4273 1699 4345 populus
1713 4271 1766 4338 ,''
1803 4270 1974 4327 dicere
2011 4275 2195 4336 „tutus
2226 4271 2327 4327 erit
2342 4270 2400 4325 ?''

911 4362 1028 4417 Nec
1062 4380 1235 4426 mora,
1275 4358 1570 4426 transiluit,
1611 4363 1760 4414 rutro
1800 4358 1950 4413 Celer
1987 4361 2211 4428 occupat
2241 4376 2443 4413 ausum.

982 4448 1079 4503 Ille
1115 4446 1306 4519 premit
1337 4445 1520 4501 duram
1557 4446 1989 4517 sanguinolentus
2021 4444 2255 4497 humum.
