3184 5342
1396 1115 1868 1205 CAPUT
1945 1117 2146 1202 [II.

664 1529 759 1598 M.
802 1529 1193 1615 Meyerus
1248 1527 1644 1614 (Zimmerm.
1693 1526 2000 1593 Zeitsehr.
2047 1525 2158 1589 ffir
2199 1525 2306 1590 die
2345 1523 2834 1591 Alterthumsw.
2877 1524 2966 1589 Π.

578 1636 775 1703 1835.
820 1659 887 1722 p.
938 1637 1143 1722 1043)
1192 1635 1369 1700 hunc
1412 1635 1690 1713 librum,
1735 1614 1852 1719 q’ui
1891 1633 2240 1697 maximam
2275 1631 2788 1715 memmio
2807 1653 2970 1716 pen-

570 1743 721 1808 dent
738 1789 759 1822 ‚
816 1765 857 1806 3
914 1742 1055 1807 viro
1114 1741 1307 1807 docto
1370 1745 1656 1826 quodam
1713 1741 1970 1806 saeculo
2015 1742 2248 1824 quarto
2293 1737 2398 1802 vel
2441 1738 2674 1820 quinto
2719 1737 2960 1802 decimo

570 1848 997 1934 compositum
1042 1870 1177 1912 esse
1220 1852 1433 1933 putat.
1480 1847 1658 1923 Quae
1701 1847 2070 1912 coniectura.
2085 1894 2104 1922 ,
2127 1867 2324 1929 quam
2347 1843 2550 1907 nullis
2571 1845 2966 1928 argumentis

570 1954 843 2039 probare
886 1953 1205 2018 studuerit
1222 2001 1239 2030 ,
1288 1953 1545 2018 silentio
1590 1953 1924 2039 praeteriri
1961 1955 2196 2036 potest.

662 2059 1005 2126 Ulrieus
1047 2059 1521 2125 Koehlerus
1562 2059 1732 2144 (Qua
1775 2061 2026 2124 ratione
2067 2057 2144 2122 Τ.
2193 2057 2360 2121 Livii
2405 2057 2956 2123 Ann.usis.hist.

568 2165 683 2231 lat.
722 2168 918 2250 atque
952 2186 1052 2250 gr.
1096 2187 1247 2251 pag.
1290 2167 1401 2243 41,
1442 2169 1606 2251 seq.)
1653 2167 2088 2230 demonstrare
2111 2167 2384 2229 conatus
2403 2167 2504 2227 est
2525 2161 2957 2227 Pseudo-Vic-

572 2275 779 2336 torem
838 2271 909 2336 in
974 2291 1049 2336 eo
1108 2271 1275 2336 libro
1338 2294 1447 2356 ea,
1494 2293 1660 2355 quae
1705 2293 1742 2335 e
1785 2271 1968 2335 Livio
2015 2270 2503 2353 desumpsimt,
2551 2269 2696 2332 aliis
2737 2268 2956 2347 rebuS,

582 2375 841 2442 aliunde
882 2377 1103 2462 petitis
1120 2425 1137 2454 ‚
1184 2379 1453 2442 auxisse.
1501 2377 1600 2440 De
1647 2376 1770 2440 hae
1817 2377 2188 2441 coniectura
2233 2375 2560 2459 Hauptius
2609 2387 2628 2458 ··'.
2635 2375 2730 2440 De
2771 2377 2953 2440 Auet.

574 2481 653 2546 de
706 2482 825 2549 vir.
881 2482 975 2548 ill.
1022 2483 1170 2550 libr.
1216 2487 1461 2567 quaest.
1508 2482 1660 2549 hist.
1706 2505 1774 2568 p.
1828 2483 1933 2559 11,
1987 2486 2149 2568 seq.)
2167 2530 2186 2558 ,
2233 2481 2775 2546 Hildesheimerus
2819 2483 2950 2567 (1.1.

572 2610 639 2672 p.
684 2589 791 2666 17,
840 2591 1022 2673 seq.),
1070 2589 1559 2654 Rosenhsuerus
1603 2587 1847 2673 (Symb.
1895 2591 1980 2651 ad
2028 2592 2272 2672 quaest.
2321 2587 2400 2650 de
2447 2587 2616 2653 font.
2662 2589 2794 2652 libr.
2841 2589 2944 2670 qui

574 2692 767 2758 inser.
830 2695 909 2758 de
974 2694 1093 2760 vir.
1152 2695 1249 2756 ill.
1312 2695 1451 2760 urb.
1500 2695 1762 2758 Romae.
1811 2717 1876 2778 p.
1927 2694 2036 2770 35,
2081 2696 2242 2778 seq.)
2291 2693 2510 2757 multis
2557 2692 2760 2757 verbis
2803 2711 2946 2773 ege-

574 2801 751 2890 runt.
818 2797 995 2862 Infra
1040 2801 1373 2864 ostendam
1421 2822 1523 2862 me
1559 2798 1984 2863 libentissime
2029 2799 2236 2862 faeere
2283 2820 2430 2862 eum
2475 2796 2920 2862 Rosenhauero
2939 2840 2955 2872 ‚

575 2904 689 2988 qui
750 2904 1111 2988 exposuerit
1176 2904 1357 2969 1111113
1405 2905 1678 2989 vestigia
1723 2904 1993 2969 Liviana
2035 2905 2106 2968 in
2153 2904 2277 2968 hoe
2317 2904 2535 2972 libello
2581 2902 2855 2968 inveniri
2897 2903 2962 2963 et

570 3031 947 3075 eonsensum
1011 3009 1578 3075 Pseudo-Victoris
1638 3033 1784 3075 eum
1847 3009 2031 3074 Livio
2093 3010 2241 3073 inde
2304 3014 2519 3074 ortum
2575 3031 2710 3074 esse
2725 3059 2744 3092 ,
2793 3008 2962 3091 quod

570 3119 837 3200 uterque
884 3115 1251 3200 saepissime
1298 3137 1376 3179 ex
1418 3116 1644 3181 iisdem
1691 3115 1980 3184 fontibus
2024 3115 2332 3179 hauserit.

660 3219 815 3286 Non
852 3243 1013 3306 opus
1048 3225 1147 3286 est
1184 3241 1371 3306 agere
1409 3224 1488 3286 de
1534 3221 1928 3286 Mommse
1949 3222 2031 3285 ni
2075 3221 2460 3299 coniectura,
2486 3221 2598 3306 qui
2616 3224 2807 3306 putat
2827 3216 2966 3282 fieri

570 3327 851 3414 potuisse
870 3375 887 3406 ‚
932 3329 1009 3392 ut
1055 3327 1555 3392 Pseudo-Victor
1601 3329 1782 3392 iuxta
1821 3328 2074 3392 Livium
2115 3327 2437 3392 Valerium
2483 3327 2816 3393 Antiatem
2845 3344 2964 3407 pro

568 3432 859 3520 principe
929 3432 1109 3498 fonte
1179 3433 1446 3498 haberet
1512 3432 1761 3518 (Herm.
1826 3433 1878 3499 I.
1927 3457 1994 3519 p.
2049 3435 2176 3499 168
2200 3460 2282 3484 =
2305 3434 2560 3510 Quaest.
2629 3433 2812 3498 Rom.
2873 3429 2964 3494 H.

570 3563 635 3625 p.
703 3540 887 3626 430),
951 3561 1101 3603 nam
1168 3538 1485 3604 »Iordano
1540 3543 1703 3604 teste
1750 3538 1997 3625 (Herm.
2048 3539 2162 3603 VI.
2208 3563 2271 3624 p.
2325 3542 2480 3625 207)
2532 3541 2966 3618 Mommsenus

570 3645 820 3711 abiecta
881 3645 996 3709 illa
1056 3645 1269 3729 priore
1332 3646 1698 3710 coniectura
1756 3643 2037 3711 Cornelii
2083 3646 2353 3729 Nepotis
2398 3647 2594 3712 libros
2640 3646 2964 3709 auctorem

571 3753 862 3816 nostrum
920 3753 1210 3816 secutum
1257 3773 1390 3816 esse
1438 3752 1559 3817 sibi
1603 3752 1959 3836 persuasit”
1991 3750 2062 3836 1).
2111 3749 2251 3826 Qua
2296 3753 2374 3816 de
2419 3775 2487 3817 re
2530 3751 2698 3816 infra
2742 3770 2929 3834 agam
2945 3795 2964 3826 ,

571 3856 683 3920 ubi
732 3857 809 3921 de
856 3855 1128 3941 Hauptii
1174 3857 1491 3922 sententia
1510 3905 1525 3936 ‚
1568 3859 1680 3943 qui
1713 3858 1882 3923 idem
1922 3858 2254 3922 ostendere
2297 3860 2562 3936 studuit,
2603 3856 2965 3941 disputabo.

573 3959 713 4038 Quo
782 3962 923 4028 loeo
995 3962 1462 4028 Mommsenum
1532 3968 1704 4030 reete
1771 3965 2082 4049 quaedam
2143 3964 2430 4030 Antiatis
2476 3964 2747 4047 vestigia
2793 3965 2966 4046 apud

571 4067 1177 4134 Pseudo-Victorem
1227 4069 1589 4135 observasse
1637 4071 1829 4136 etism
1878 4070 2252 4136 videbimus.

665 4171 735 4240 O.
784 4173 997 4240 Alde
1017 4174 1179 4240 nho
1199 4175 1312 4240 vii
1362 4176 1727 4242 coniectura
1749 4176 1991 4260 (Herm.
2019 4181 2090 4242 V.
2119 4201 2184 4262 p.
2217 4178 2393 4264 153),
2423 4176 2533 4261 qui
2559 4176 2748 4260 putat
2769 4172 2967 4237 Pseu-

573 4277 1017 4343 do-Vietorem
1067 4279 1135 4344 L.
1188 4279 1520 4366 Calpurnii
1570 4281 1822 4346 Pisonis
1871 4282 2135 4348 annales
2161 4287 2445 4347 secutum
2473 4304 2626 4366 esse,
2653 4279 2974 4344 reicienda

646 4529 706 4600 1)
744 4527 949 4598 Haupt.
987 4526 1059 4582 l.l.
1097 4546 1151 4599 p.
1189 4528 1239 4581 6.
