3184 5342
1713 423 1798 486 86

558 603 774 688 Livio,
841 606 950 689 qui
996 583 1081 669 'in
1148 603 1377 668 Manlii
1434 603 1744 688 Torquati
1793 604 2034 688 proelio
2080 603 2392 688 singulari
2438 605 2794 670 enarrando
2842 607 2954 670 in-

558 711 797 776 dicavit
835 733 901 776 se
946 712 1159 796 plures
1210 712 1499 775 auctores
1548 730 1857 794 cognosse
1901 710 1928 794 (
1935 709 2062 786 VI,
2117 710 2294 795 112).
2347 708 2583 773 Omnes
2607 711 2955 794 scriptores

558 816 725 901 (Liv.
785 816 949 894 VII,
1015 820 1094 893 4,
1162 816 1239 893 5,
1306 815 1437 881 Cic.
1487 816 1565 880 de
1615 816 1720 879 off.
1769 814 1903 892 lII,
1956 817 2074 892 31,
2125 816 2247 892 42,
2287 815 2443 902 val.
2495 814 2666 881 Max.
2716 815 2814 894 V,
2869 819 2951 894 4,

560 925 619 988 3.
673 922 801 1000 VI,
854 922 932 1000 8,
972 924 1002 986 1
1030 970 1047 1001 ,
1088 921 1255 1006 App.
1297 921 1513 987 Samn.
1556 922 1634 986 fr.
1680 923 1744 1004 2)
1787 922 2004 986 eodem
2045 921 2176 986 fere
2215 926 2404 986 modo
2451 920 2708 1007 pietatis
2733 944 2953 987 exem-

556 1028 736 1112 plum
804 1031 1494 1104 commemoraverunt,
1570 1028 1742 1112 quod
1814 1027 2092 1092 Manlius
2159 1027 2229 1090 in
2289 1033 2470 1111 patre
2519 1051 2556 1091 a
2604 1028 2956 1093 tribunicia

558 1134 961 1198 accusatione
1024 1134 1355 1198 liberando
1419 1133 1636 1198 edidit.
1704 1132 1827 1198 Sed
1873 1154 2014 1197 cum
2065 1130 2283 1197 Cicero
2331 1134 2396 1197 et
2442 1133 2586 1198 Val.
2633 1133 2806 1198 Max.
2856 1134 2948 1211 V,

558 1240 600 1302 4
625 1287 640 1317 ,
684 1242 746 1316 3,
795 1239 1226 1324 Pomponium
1276 1261 1416 1304 cum
1468 1239 1713 1304 Manlio
1761 1239 2231 1322 colloquentem
2278 1250 2392 1302 sua
2439 1243 2672 1322 sponte
2721 1261 2950 1305 omnes

557 1345 829 1409 arbitros
876 1346 1217 1412 removisse
1262 1346 1646 1411 tradiderint
1664 1392 1680 1423 ,
1728 1344 1944 1410 Livius
1963 1392 1978 1422 ‚
2020 1344 2357 1428 Appianus
2375 1392 2391 1421 ‚
2433 1343 2954 1411 Pseudo-Victor

558 1450 869 1515 Manlium
916 1473 953 1514 a
1000 1451 1354 1535 Pomponio
1402 1456 1709 1516 secretum
1760 1450 2145 1536 colloquium
2183 1451 2478 1535 petivisse
2502 1456 2948 1519 narraverunt.

648 1557 725 1619 In
774 1578 947 1622 anno
994 1559 1305 1622 tradendo
1327 1606 1342 1636 ,
1382 1580 1509 1642 quo
1558 1557 1839 1622 Manlius
1889 1556 2144 1622 Gallum
2191 1557 2453 1633 occidit,
2479 1557 2752 1622 maxime
2775 1557 2950 1622 inter

557 1684 622 1726 se
684 1663 1051 1747 discrepant
1111 1665 1467 1748 scriptoreS.
1530 1663 1716 1728 Teste
1763 1663 1942 1727 Livio
1994 1662 2118 1739 VI,
2170 1664 2256 1728 42
2281 1710 2296 1740 ,
2345 1663 2384 1726 5
2425 1661 2728 1728 Claudius
2773 1662 2946 1738 Qua-

562 1768 879 1851 drigarius
926 1769 1239 1834 Manlium
1288 1770 1532 1834 facinus·
1574 1769 1886 1833 dictatore
1933 1767 2021 1832 M.
2071 1767 2322 1832 Furio
2371 1767 2724 1836 Camillo
2772 1792 2946 1834 anno

563 1876 691 1939 387
740 1878 1133 1959 perpetrasse
1177 1876 1448 1940 rettulit.
1514 1873 1674 1940 Cum
1731 1873 1992 1940 Claudio
2039 1872 2454 1957 Quadrigario
2501 1874 2749 1938 faciunt
2794 1874 2946 1940 Flo-

558 2002 667 2044 rus
729 1980 800 2064 I,
868 1983 944 2057 8,
1012 1983 1096 2045 20
1160 1984 1226 2045 et
1285 1982 1440 2046 Zon.
1498 1979 1666 2056 VII,
1724 1980 1828 2044 24.
1879 1980 2094 2045 Livius
2139 1981 2273 2063 ipse
2314 1979 2478 2056 VII,
2531 1981 2608 2057 9,
2659 1981 2718 2057 6,
2767 2003 2944 2044 anno

560 2087 689 2151 394
754 2087 1065 2151 dictatore
1112 2087 1185 2152 T.
1236 2076 1637 2162 Quinctio
1685 2087 1971 2150 Penno
2001 2084 2046 2166 1)
2087 2085 2341 2150 Gallum
2383 2108 2422 2149 a
2460 2085 2710 2149 Manlio
2747 2085 2939 2152 inter·

561 2191 799 2255 fectum
870 2215 1003 2257 esse
1072 2196 1402 2258 memorat.
1475 2191 1636 2258 Cum
1706 2192 1888 2256 Livio
1958 2194 2328 2277 congruunt
2395 2189 2572 2256 Fasti
2619 2189 2822 2276 Capit.
2861 2191 2924 2256 O.

560 2296 611 2362 I.
662 2297 730 2361 L.
784 2298 837 2361 Ι.
887 2320 950 2381 p.
1002 2299 1131 2364 455
1180 2304 1246 2364 et
1288 2297 1473 2364 Eutr.
1523 2301 1616 2374 ΙΙ,
1673 2297 1732 2363 5.
1777 2296 2068 2382 Denique
2094 2296 2603 2362 Pseudo-Victor
2629 2297 2925 2360 Manlium

558 2401 629 2468 C.
702 2404 1085 2488 Sulpicio
1157 2397 1465 2470 dictatore
1536 2424 1711 2468 anno
1769 2403 1896 2468 397
1926 2404 1975 2488 ²)
2040 2403 2294 2468 Gallum
2357 2404 2660 2468 occidisse
2724 2402 2936 2467 tradit.

556 2507 842 2573 Eandem
908 2511 1343 2575 narrationem
1389 2510 1608 2575 Livius
1654 2510 1783 2586 VI,
1834 2509 1919 2573 42
1943 2557 1957 2586 ,
2011 2511 2070 2573 5.
2123 2511 2162 2572 6
2212 2510 2462 2575 novisse
2509 2510 2785 2586 videtur,
2835 2508 2942 2573 ubi

557 2613 713 2678 haec
768 2616 1054 2700 scripsit:
1112 2617 1455 2681 »bellatum
1509 2638 1652 2679 cum
1705 2615 1905 2680 Gallis
1950 2637 2024 2680 eo
2073 2636 2244 2680 anno
2294 2616 2482 2701 (387)
2531 2618 2696 2681 circa
2737 2614 2940 2678 Anie-

560 2741 707 2784 nem
755 2720 995 2785 flumen
1042 2727 1263 2786 auctor
1310 2725 1405 2785 est
1452 2720 1756 2786 Claudius
1801 2721 2217 2805 inclitamque
2255 2721 2320 2784 in
2371 2723 2570 2805 ponte
2615 2739 2897 2804 pugnam
2921 2768 2938 2798 ,

559 2847 685 2908 qua
731 2824 806 2888 Τ.
855 2825 1137 2890 Manlius
1186 2826 1477 2903 Gallum,
1526 2848 1672 2890 cum
1719 2846 1843 2909 quo
1893 2829 2274 2910 provocatus
2315 2848 2542 2890 manus
2583 2826 2940 2903 conseruit,

560 2930 629 2994 in
699 2933 1043 3014 conspectu
1097 2931 1367 2995 duorum
1415 2931 1805 2996 exercituum
1853 2953 2102 2996 caesum
2149 2935 2375 3016 torque
2421 2932 2719 3016 spoliavit
2738 2979 2753 3008 ,
2804 2934 2942 2994 tum

557 3039 933 3121 pugnatam.
982 3037 1281 3101 Pluribus
1319 3037 1682 3102 auctoribus
1723 3038 1924 3120 magis
1963 3040 2241 3102 adducor
2279 3041 2353 3102 ut
2390 3041 2642 3102 credam
2668 3038 2941 3101 decem

557 3146 705 3206 aut
751 3143 1104 3229 minus⁸)
1152 3146 1298 3227 post
1344 3165 1546 3207 annos
1592 3166 1668 3208 ea
1715 3143 1921 3207 acta.”

649 3248 822 3324 Quae
878 3249 1389 3315 Pseudo-Victor
1434 3250 1512 3314 de
1558 3250 1786 3315 Manlii
1833 3250 1951 3314 filii
1997 3250 2308 3334 supplicio
2355 3253 2420 3314 et
2467 3251 2545 3314 de
2593 3270 2816 3334 pugna
2859 3249 2942 3312 ad

556 3355 837 3420 Veserim
888 3356 1174 3420 narravit
1210 3359 1578 3440 congruunt
1627 3379 1767 3420 cum
1817 3357 1893 3420 iis
1914 3405 1929 3434 ,
1979 3378 2138 3440 quae
2186 3353 2358 3441 apud
2405 3359 2644 3421 ceteros
2671 3355 2939 3439 scripto-

347 3434 351 3440 ·
462 3559 467 3564 ἡ
555 3484 655 3527 res
701 3462 997 3546 legimus.

647 3567 939 3651 Denique
1002 3566 1512 3632 Pseudo-Victor
1580 3569 1650 3632 in
1723 3569 1836 3647 iis,
1900 3588 2062 3653 quae
2126 3569 2202 3633 de
2266 3570 2604 3634 consulatu
2651 3571 2940 3635 recusato

558 3674 839 3750 rettulit,
904 3695 1178 3737 errorem
1244 3674 1579 3738 commisit.
1627 3674 1801 3740 Haec
1860 3697 1990 3740 non
2038 3675 2364 3758 pertinent
2409 3678 2488 3738 ad
2540 3673 2716 3738 hunc
2764 3674 2940 3738 Man-

556 3779 712 3843 lium
758 3782 870 3843 sed
920 3782 999 3842 ad
1047 3779 1243 3844 alium
1290 3781 1362 3844 T.
1414 3781 1729 3844 Manlium
1774 3781 2185 3866 Torquatum,
2238 3782 2350 3865 qui
2400 3803 2572 3844 anno
2615 3779 2748 3845 543
2785 3801 2942 3844 con-

558 3885 832 3948 sulatum
904 3885 973 3948 in
1039 3908 1104 3950 se
1152 3887 1429 3951 delatum
1476 3888 1789 3952 recusavit
1833 3886 1951 3966 (Of.
2003 3887 2138 3952 Liv.
2189 3887 2454 3964 XXVI,
2505 3888 2587 3949 22
2613 3934 2628 3964 ,
2681 3887 2746 3964 9,
2793 3885 2935 3952 Val.

560 3989 730 4053 Max.
803 3988 929 4067 VI,
982 3993 1023 4054 4
1046 4039 1061 4068 ,
1114 3991 1200 4075 1).
1272 3990 1428 4056 Fere
1472 3992 1694 4056 iisdem
1741 3992 1972 4078 quibus
2018 3992 2532 4057 Pseudo-Victor
2577 3993 2786 4056 verbis
2823 3991 2938 4056 Li-

626 4276 681 4344 1)
718 4275 935 4331 Orosius
970 4275 1090 4342 ΠΙ,
1131 4278 1179 4331 6.
1219 4294 1357 4331 anno
1398 4278 1500 4330 388
1540 4277 1802 4334 dictatore
1837 4278 1899 4331 T.
1941 4277 2190 4347 Quinctio
2228 4279 2284 4334 id
2319 4280 2516 4335 factum
2553 4297 2668 4335 esse
2703 4282 2902 4334 narrat.

627 4362 680 4430 2)
724 4361 803 4416 Cf.
842 4362 959 4417 Liv.
996 4362 1139 4427 VH,
1182 4363 1281 4429 12,
1328 4363 1376 4417 9.

626 4449 681 4516 3)
724 4447 895 4520 Pauly
942 4449 1192 4504 Realene.
1244 4447 1343 4502 IV.
1375 4468 1425 4520 p.
1465 4450 1621 4504 1492.
1669 4450 1894 4506 coniecit
1931 4451 2149 4518 „decem
2183 4457 2299 4508 aut
2333 4453 2572 4521 minus”;
2611 4451 2819 4508 codices
2855 4469 2943 4506 ex-

552 4533 737 4589 hibent
772 4536 990 4601 ,‚decem
1033 4535 1211 4591 haud
1248 4535 1469 4591 minus''.
