3184 5342
1730 370 1815 435 34

586 553 801 619 dinem
852 553 1159 639 scriptum
1200 575 1332 618 esse
1378 554 1564 638 putes
1584 599 1600 630 ‚
1641 555 1814 636 quod
1860 552 2362 620 Pseudo-Victor
2405 557 2836 640 exemplorum
2885 559 2972 624 li-

582 660 768 724 brum
833 662 1085 724 secutus
1146 659 1250 725 sit.
1334 657 1506 724 Nam
1569 657 1866 723 Valerius
1923 658 2242 726 Maximus
2263 709 2279 738 ‚
2341 661 2453 746 qui
2515 661 2683 726 VIII
2703 711 2718 741 ‚
2781 666 2854 750 6,
2927 669 2968 730 3

574 787 721 829 cum
783 765 1333 830 Pseudo-Victore
1398 764 1700 850 congruit
1719 813 1734 842 ,
1783 765 2102 831 Licinium
2149 766 2481 832 Stolonem
2527 771 2746 848 notat,
2791 776 2968 856 quod

575 895 782 958 »quae
842 874 911 937 in
976 873 1115 938 aliis
1175 872 1592 949 vindicasset,
1656 872 1792 956 ipse
1834 873 2284 940 commiserit'’.
2349 873 2536 948 Quod
2581 897 2714 939 non
2761 878 2843 941 ad
2892 877 2964 944 C.

574 979 887 1043 Marcium
951 977 1363 1044 Coriolanum
1383 1027 1398 1057 ‚
1464 978 1641 1044 cuius
1702 979 1836 1043 vita
1899 980 2188 1063 proxima
2257 983 2353 1044 est
2372 1027 2387 1057 ‚
2459 981 2778 1064 pertinere
2845 1006 2964 1069 po-

573 1088 719 1152 test.
762 1083 972 1170 Caput
1012 1087 1096 1149 22
1120 1134 1135 1164 ‚
1184 1086 1296 1150 ubi
1342 1086 1420 1150 de
1471 1084 1850 1169 Aesculapio
1897 1085 2170 1150 Romam
2218 1086 2483 1151 advecto
2530 1088 2746 1172 agitur
2766 1137 2781 1167 ‚
2829 1112 2966 1154 non

571 1192 805 1257 idcirco
876 1195 1029 1256 ante
1098 1193 1293 1276 caput
1359 1192 1444 1256 23
1462 1239 1477 1270 ,
1544 1191 1656 1255 ubi
1717 1189 1970 1256 Camilli
2033 1192 2167 1256 vita
2233 1195 2534 1257 narratur
2553 1241 2568 1271 ‚
2630 1195 2968 1277 collocavit

573 1291 1083 1376 Pseudo-‚Victor
1104 1344 1119 1375 ‚
1184 1299 1357 1381 quod
1419 1319 1497 1361 ex
1559 1296 1995 1381 exemplorum
2055 1297 2221 1362 libro
2286 1299 2597 1383 pendeat,
2655 1323 2780 1386 quo
2827 1303 2964 1387 pri-

574 1427 748 1468 mum
786 1403 1241 1488 Aesculapium
1289 1403 1560 1467 Romam
1609 1403 1966 1482 advectum,
2018 1405 2244 1470 deinde
2291 1405 2606 1471 Iunonem
2653 1408 2965 1473 Veienta-

574 1533 724 1574 nam
790 1509 993 1594 captis
1062 1532 1100 1572 a
1171 1507 1532 1574 Camillo
1605 1508 1787 1573 Veiis
1847 1509 2118 1574 Romam
2167 1513 2546 1577 translatam
2585 1537 2739 1579 esse·
2761 1516 2966 1578 tradi-

571 1620 715 1695 tur,
765 1637 893 1701 quo
940 1616 1163 1680 ordine
1208 1615 1505 1680 Valerius
1543 1613 1861 1680 Maximus
1897 1619 1959 1692 I,
2005 1618 2081 1694 8,
2128 1619 2188 1681 2.
2236 1620 2276 1682 3
2313 1619 2412 1682 his
2455 1620 2530 1684 de
2576 1621 2762 1685 rebus
2803 1623 2962 1705 agit.

574 1721 745 1788 Nam
792 1723 846 1787 si
894 1720 1397 1786 Pseudo-Victor
1442 1721 1563 1784 hoc
1608 1721 1747 1785 loco
1796 1723 2228 1806 exemplorum
2274 1724 2508 1789 librum
2560 1732 2924 1810 usurpasset
2951 1777 2967 1806 ‚

573 1851 606 1893 e
671 1829 764 1894 rei
824 1837 1056 1892 natura
1118 1831 1485 1913 sequeretur
1502 1877 1519 1911 ‚
1571 1830 1645 1891 ut
1690 1826 1862 1892 hunc
1906 1829 2144 1893 librum
2191 1831 2585 1896 adhibuisset
2603 1881 2619 1911 ,
2669 1833 2838 1897 unde
2885 1836 2966 1897 de

507 1964 515 1968 ·
575 1932 827 1999 Camilli
873 1935 1006 1999 vita
1048 1937 1360 2018 quaedam
1410 1936 1780 1998 desumeret.
1844 1933 1938 1998 At
1983 1935 2054 1998 in
2102 1933 2356 2000 Camilli
2404 1938 2534 2002 vita
2583 1942 2660 2004 de
2715 1938 2965 2004 Iunone

574 2039 937 2105 Veientana
992 2062 1073 2105 ne
1127 2040 1319 2105 verbo
1367 2039 1626 2123 quidem
1674 2039 1917 2104 mentio
1964 2039 2042 2104 fit
2088 2063 2292 2126 neque
2309 2090 2324 2121 ‚
2378 2044 2487 2108 ubi
2534 2046 2610 2109 de
2657 2045 2962 2111 Veiorum

574 2147 1046 2232 expugnatione
1092 2144 1605 2212 Pseudo-Victor
1653 2145 1824 2230 agit,
1875 2145 2024 2210 libri
2070 2149 2503 2233 exemplorum
2552 2151 2820 2236 vestigia
2855 2153 2958 2216 in-

573 2254 937 2319 veniuntur.

664 2359 785 2426 His
848 2359 1144 2425 omnibus
1203 2358 1392 2423 rebus
1452 2357 1799 2442 perspectis
1854 2359 2309 2444 perpensisque
2370 2382 2504 2425 non
2561 2363 2714 2427 satis
2754 2360 2948 2424 firmis

574 2466 967 2552 argumentis
1029 2463 1541 2530 Rosenhauerum
1609 2464 1907 2548 probasse
1980 2467 2299 2530 contendo
2348 2466 2961 2533 Pseudo-Victorem

576 2573 1007 2658 exemplorum
1053 2572 1287 2636 librum
1327 2569 1405 2634 ‚in
1453 2571 1738 2636 fontibus
1787 2571 2101 2638 habuisse.
