3184 5342
1427 396 1506 461 61

2484 501 2487 506 “
2574 494 2596 529 Ι

361 574 545 639 Nihil
590 576 794 659 igitur
839 581 934 642 est
980 598 1096 641 cur
1145 576 1245 641 his
1293 578 1538 641 duobus
1588 577 1745 641 locis
1792 577 2098 642 commoti
2146 577 2661 643 Pseudo-Victo-

273 703 408 746 rem
471 682 665 746 alium
733 705 807 747 ac
871 682 1122 747 Livium
1188 687 1511 748 auctorem
1578 686 1860 747 secutum
1908 704 2040 747 esse
2085 686 2415 767 putemus;
2465 684 2659 747 immo

273 790 408 851 tam
471 810 743 873 magnus
782 789 903 853 hoc
935 790 1141 873 capite
1183 810 1529 853 consensus
1552 789 1725 853 inter
1750 793 2090 873 utrumque
2116 793 2232 867 est,
2260 794 2336 853 ut
2358 790 2530 854 haud
2556 790 2661 853 ab·

272 894 460 958 surde
505 894 701 959 statui
723 894 924 978 possit
948 893 1198 958 Livium
1219 895 1446 977 ,ipsum
1472 916 1510 957 a
1534 894 2083 959 Pseudo-Victore
2122 895 2479 959 adhibitum
2506 918 2659 961 esse.

271 998 397 1063 Sed
445 1000 595 1083 quia
640 1001 711 1063 in
756 1001 978 1064 ceteris
1025 999 1212 1064 huius
1257 1001 1406 1064 libri
1452 1000 1739 1083 partibus
1788 1022 1918 1063 non
1958 1000 2173 1064 Livius
2209 1001 2347 1084 ipse
2382 1003 2490 1065 sed
2526 1001 2662 1065 eius

271 1103 484 1169 fontes
521 1107 808 1190 usurpati
866 1110 1051 1182 sunt,
1101 1105 1326 1169 melius
1384 1108 1480 1169 est
1541 1107 1819 1170 iudicare
1881 1106 2495 1171 Pseudo-Victorem
2543 1107 2665 1172 hoc

271 1211 482 1293 capite
529 1232 606 1275 ex
651 1212 871 1275 eodem
916 1233 1044 1294 quo
1091 1211 1341 1275 Livium
1391 1214 1649 1276 auctore
1691 1212 1987 1295 pendere.

363 1422 578 1508 Caput
640 1424 720 1489 V.
785 1424 927 1490 Hoc
981 1447 1230 1510 quoque
1302 1426 1509 1509 capite
1557 1426 1753 1490 mirus
1800 1430 1896 1489 est
1943 1447 2288 1492 consensus
2335 1428 2507 1492 inter
2555 1428 2664 1492 Li·-

276 1529 449 1593 vium
497 1534 563 1593 et
609 1530 1242 1616 Pseudo—Victorem.
1290 1529 1452 1605 Quia
1515 1534 1727 1595 autem
1767 1531 2276 1596 Pseudo-Victor
2310 1532 2559 1616 saepius
2594 1555 2667 1597 ea

274 1658 436 1719 quae
499 1636 714 1701 Livius
758 1638 1024 1701 tradidit
1071 1637 1315 1721 explet,
1383 1638 1655 1700 eundem
1711 1637 1957 1700 fontem
2020 1641 2285 1721 uterque
2332 1659 2668 1720 usurpasse

273 1742 540 1805 videtur.
591 1741 900 1807 Attamen
948 1746 1287 1826 antequam
1339 1741 1456 1806 hos
1499 1743 1656 1806 duos
1698 1742 2037 1826 scriptores
2074 1743 2243 1807 inter
2282 1765 2349 1807 se
2372 1743 2628 1807 confero
2650 1791 2665 1821 ‚

268 1848 488 1929 paucis
526 1848 980 1930 disputandum
1028 1852 1124 1912 est
1173 1848 1249 1911 de
1296 1849 1435 1912 loco
1486 1848 1761 1931 quodam
1809 1849 1978 1932 apud
2020 1849 2631 1913 Pseudo-Victorem
2650 1897 2665 1926 ‚

268 1954 379 2037 qui
425 1953 607 2017 foede
653 1954 1034 2038 depravatus
1082 1958 1197 2019 est.

359 2058 625 2141 Legitur
684 2059 754 2122 in
809 2060 1129 2146 codicibus
1186 2059 1627 2124 »Aventinum
1692 2062 1757 2122 et
1818 2060 2227 2125 Murcium
2274 2064 2417 2145 (aut
2464 2060 2666 2125 Mar-

270 2164 490 2228 cium
530 2169 640 2229 aut
687 2165 1089 2229 Martium
1139 2170 1252 2230 aut
1302 2164 1716 2250 Curtium)
1768 2169 2015 2229 montes
2067 2166 2209 2230 urbi
2232 2167 2543 2229 addidit-‚⁹2
2586 2170 2667 2233 In

272 2292 404 2333 uno
469 2272 722 2334 tantum
789 2272 1000 2335 codice
1063 2271 1370 2355 pessimae
1437 2276 1629 2335 notae
1650 2318 1665 2348 ‚
1732 2270 1949 2334 codice
2010 2271 2428 2355 Lignitiensi,
2496 2294 2667 2335 anno

278 2375 449 2439 1511
495 2367 864 2460 'conscripto
890 2376 977 2462 1),
1024 2377 1383 2442 invenimus
1423 2398 1540 2460 pro
1585 2376 1828 2441 Murcio
1870 2375 2359 2439 Ianiculum.
2410 2376 2487 2440 In
2528 2398 2665 2439 om—

274 2481 466 2545 nibus
491 2482 623 2545 fere
668 2482 1054 2546 editionibus
1099 2483 1266 2546 idem
1313 2483 1605 2566 legimus,
1656 2483 1763 2545 sed
1802 2504 1941 2546 eam
1990 2482 2420 2545 coniecturam
2459 2483 2663 2546 multo

276 2587 674 2651 audaciorem
721 2610 854 2651 esse
901 2609 1088 2653 nemo
1135 2609 1265 2651 non
1314 2592 1635 2653 concedet.
1687 2586 1979 2651 Genuina
2025 2587 2215 2650 lectio
2255 2588 2453 2650 latere
2491 2587 2667 2650 vide-

199 2715 205 2719 ·
267 2696 374 2754 tur
421 2692 490 2755 in
539 2693 754 2757 codice
802 2694 1288 2758 Vindobonensi
1340 2695 1415 2770 3,
1454 2693 1564 2757 ubi
1611 2666 1879 2777 legitur:
1909 2691 2349 2756 >Aventinum
2377 2696 2457 2755 ad
2484 2693 2663 2757 Mur-

270 2797 428 2860 tium
463 2803 714 2863 montes
737 2800 880 2863 urbi
906 2800 1214 2865 addidit”.
1243 2799 1613 2883 Legendum
1640 2804 1822 2883 puto:
1856 2798 2297 2863 »Aventinum
2324 2803 2419 2863 ad
2451 2800 2517 2863 M
2538 2822 2577 2862 u
2599 2821 2664 2863 r-

269 2902 442 2967 ciae
501 2910 862 2968 montem
927 2905 1071 2969 urbi
1117 2904 1427 2968 addidit-V.
1475 2904 1872 2988 (Montem
1920 2904 2230 2987 singulari
2282 2926 2547 2968 numero
2593 2906 2659 2968 in

265 3006 566 3073 Editione
617 3010 1078 3075 Mediolanensi
1116 3032 1365 3094 quoque
1396 3009 1771 3084 invenitur.)
1812 3007 1912 3074 Of.
1954 3009 2089 3073 Liv.
2136 3014 2194 3086 1,
2242 3012 2327 3073 33
2352 3058 2365 3085 ‚
2394 3010 2457 3073 5:
2482 3014 2664 3073 »tum

267 3136 520 3199 quoque
571 3116 788 3180 multis
834 3117 1090 3180 milibus
1138 3115 1513 3179 Latinorum
1560 3115 1629 3177 in
1680 3114 2007 3179 civitatem
2052 3115 2329 3199 acceptis
2351 3162 2366 3191 ‚
2409 3115 2660 3199 quibuS‚

267 3226 344 3283 ut
404 3221 778 3305 iungeretur
838 3223 1088 3287 Palatio
1150 3222 1580 3303 Aventinum,
1622 3222 1716 3284 ad
1765 3220 2145 3288 Murciae
2187 3221 2370 3283 datae
2420 3221 2661 3285 sedes’'.

271 3324 419 3389 Veri
463 3325 667 3390 simile
730 3331 825 3391 est
885 3327 1489 3392 Pseudo-Victorem
1539 3326 1706 3389 hanc
1752 3347 1885 3389 rem
1929 3326 2046 3389 tali
2095 3326 2284 3390 modo
2334 3330 2659 3390 narratam

263 3433 497 3515 legisse
556 3436 621 3497 et
683 3434 1126 3517 neglegentius
1193 3456 1300 3507 ea,
1365 3456 1529 3517 quae
1576 3438 1799 3497 auctor
1846 3433 2173 3497 exhiberet
2193 3480 2209 3509 ,
2257 3434 2661 3516 excerpsisse.

357 3538 498 3604 Liv.
540 3539 606 3621 I,
654 3541 768 3616 33,
811 3540 849 3603 6
905 3540 1098 3603 refert
1132 3538 1488 3605 Ianiculum
1516 3539 1599 3602 ab
1645 3538 1829 3603 Anco
1880 3538 2123 3604 Marcio
2165 3538 2495 3602 moenibus
2537 3538 2659 3602 cir-

268 3645 642 3708 cumdatum
668 3666 820 3729 esse3
851 3645 1036 3709 Dion.
1065 3644 1211 3709 Hal.
1239 3644 1362 3719 ΙΙΙ,
1393 3645 1500 3709 43.
1528 3644 1614 3708 45
1642 3645 1913 3707 eundem
1940 3665 2152 3727 regem
2177 3643 2572 3708 Aventinum
2599 3649 2662 3709 et

266 3748 631 3814 Ianiculum
658 3771 839 3814 muro
866 3751 1137 3814 cinxisse
1163 3750 1378 3833 tradit3
1401 3752 1625 3812 contra
1648 3749 2162 3815 Pseudo-Victor
2180 3749 2431 3833 scripsit
2448 3771 2661 3815 »nova

263 3854 521 3917 moenia
545 3855 781 3938 oppido
801 3854 1277 3919 circumdedit”.
1299 3854 1531 3918 Utrum
1557 3852 2069 3918 Pseudo-Victor
2092 3876 2184 3930 ea,
2211 3875 2371 3937 quae
2388 3853 2456 3916 in
2481 3854 2658 3917 fonte

268 3980 388 4023 suo
435 3960 789 4037 invenerit,
831 3961 1057 4025 vitiose
1098 3960 1432 4023 tradiderit
1472 3982 1555 4022 an
1580 3982 1657 4023 ex
1682 3959 1805 4022 alio
1830 3958 2010 4023 fonte
2036 3981 2110 4023 ac
2134 3959 2353 4023 Livius
2378 3959 2664 4023 hauserit

166 4153 173 4158 .
267 4065 585 4129 incertum
622 4069 748 4144 est,
783 4066 954 4129 solus
993 4066 1161 4130 enim
1199 4067 1337 4151 agit
1375 4068 1452 4130 de
1494 4066 1730 4149 oppido
1752 4113 1767 4143 ‚
1808 4064 2141 4130 moenibus
2176 4066 2565 4131 circumdato
2586 4063 2659 4150 2).

259 4376 270 4383 ·
343 4345 399 4413 1)
436 4343 514 4399 Cf.
552 4344 785 4409 Keilius‚
823 4343 987 4416 praef.
1022 4343 1093 4399 ad
1128 4343 1209 4399 od.
1250 4344 1316 4399 de
1352 4344 1445 4399 vir.
1482 4342 1560 4397 ffl.
1600 4342 1716 4398 libr.
1756 4363 1806 4416 p.
1849 4344 1957 4399 IX.

341 4432 398 4500 2)
433 4431 581 4499 Quae
628 4431 770 4503 apud
817 4429 1034 4486 Florum
1073 4430 1134 4499 I,
1166 4434 1217 4498 4,
1255 4432 1286 4485 2
1315 4430 1587 4501 leguntur:
1627 4430 1833 4501 „Igitur
1868 4435 1923 4486 et
1957 4449 2107 4486 muro
2142 4431 2349 4486 moenia
2385 4432 2666 4504 amplexus

265 4517 382 4573 est''
439 4517 584 4571 omni
617 4536 769 4572 sensu
822 4521 1016 4573 carent.
1055 4518 1304 4572 Fortasse
1338 4515 1649 4589 legendum:
1706 4516 1905 4587 „igitur
1952 4522 2007 4572 et
2042 4537 2194 4573 muro
2227 4518 2521 4575 Ianiculum
2558 4537 2675 4573 am-
