3184 5342
1493 404 1577 469 85

349 587 763 664 obsidionali,
813 587 1055 651 scilicet
1101 609 1324 669 aurea,
1375 608 1537 670 quae
1585 586 1857 665 dabatur
1904 588 1996 665 ei,
2047 587 2155 670 qui
2195 586 2523 651 obsidione
2566 587 2734 651 cives

351 693 718 757 liberasset’'
768 714 902 757 non
954 714 1098 758 cum
1149 696 1222 758 A.
1269 692 1533 757 Schotto
1580 714 1615 757 0
1660 696 1840 757 textu
1889 693 2171 757 eicienda
2212 697 2402 770 sunt,
2449 694 2731 757 Pseudo-

357 798 576 863 Victor
647 802 918 863 eundem
991 820 1266 863 errorem
1338 821 1523 884 quem
1595 800 1697 875 17,
1750 800 1788 861 2
1837 801 1901 862 et
1950 798 2056 875 58,
2110 800 2172 873 4,
2224 798 2573 874 commisit,
2624 798 2734 883 qui

353 926 648 969 coronam
701 905 1160 970 obsidionalem
1212 928 1340 970 non
1389 904 1780 989 gramineam
1829 907 1939 967 sed
1986 925 2243 967 auream
2288 902 2523 967 fecerit.

439 1009 569 1075 Ubi
615 1016 692 1075 de
729 1010 972 1094 proelio
1013 1014 1094 1074 ad
1134 1010 1420 1075 Veserim
1462 1012 1795 1075 commisso
1828 1010 1965 1094 agit
1987 1008 2519 1086 Pseudo-Victor,
2544 1007 2732 1090 plane

348 1117 650 1200 congruit
698 1112 840 1181 cuni
891 1116 1071 1180 Livio
1119 1116 1303 1193 VIII,
1352 1117 1414 1194 6,
1455 1139 1585 1200 seq.
1628 1118 1695 1180 et
1717 1116 1857 1180 aliis
1880 1116 2312 1200 scriptoribus
2363 1114 2526 1180 Cum
2555 1113 2729 1179 Livio

349 1220 508 1284 VIII
529 1269 543 1297 ,
596 1223 656 1304 9,
706 1224 747 1285 4
786 1222 920 1286 solo
959 1222 1276 1305 pontificis
1316 1242 1549 1286 nomen
1589 1222 1853 1285 tradidit
1876 1220 2396 1286 Pseudo-Victor.
2445 1218 2734 1303 Denique

350 1350 427 1392 ex
473 1350 603 1391 uno
648 1326 1190 1392 Pseudo-Victore
1234 1328 1650 1413 cognovimus
1700 1327 1985 1392 Veserim
2031 1326 2269 1390 flumen
2316 1346 2466 1390 esse.
2497 1324 2546 1411 1)

443 1541 658 1625 Caput
703 1541 976 1606 XXVII.
1028 1541 1183 1608 Fere
1230 1547 1312 1607 ad
1352 1544 1616 1608 verbum
1653 1543 1906 1608 initium
1946 1542 2133 1606 huius
2172 1541 2397 1625 capitis
2432 1539 2733 1624 congruit

355 1670 498 1712 cum
545 1648 664 1712 hac
712 1648 1127 1733 inscriptione
1175 1648 1389 1727 (Orell.
1438 1673 1504 1713 n.
1558 1648 1747 1734 546):

789 1754 1148 1839 Inscriptio.
1852 1753 2379 1819 Pseudo-Victor.

437 1861 510 1925 P.
583 1859 837 1937 DeciuS,
901 1858 1056 1924 Deci
1098 1860 1168 1937 f.,
1220 1860 1495 1944 primum
1680 1860 1945 1925 Publius
1996 1858 2228 1923 Decius
2248 1906 2263 1937 ,
2314 1857 2492 1922 Decii
2538 1858 2727 1935 filius,

344 1988 467 2030 cos.
524 1967 601 2030 de
648 1964 1042 2031 Samnitibus
1095 1966 1496 2049 triumphans
1588 1967 1794 2050 primo
1882 1964 2102 2030 consul
2188 1965 2264 2028 de
2336 1963 2729 2028 Samnitibus

351 2072 554 2155 spolia
592 2094 669 2135 ex
710 2073 797 2135 eis
838 2071 1049 2136 Cereri
1076 2072 1488 2136 consecravit.
1583 2071 2040 2155 triumphavit3
2067 2070 2268 2154 spolia
2294 2072 2371 2133 de
2393 2070 2493 2133 his
2516 2068 2729 2134 Cereri

350 2176 590 2241 Iterum
638 2181 702 2241 et
745 2179 1007 2242 tertium
1054 2177 1281 2243 consul
1326 2180 1446 2241 cet.
1585 2178 1997 2242 consecravit.
2083 2176 2326 2239 Iterum
2413 2177 2479 2237 et
2538 2174 2728 2237 tertio

1581 2283 1807 2347 consul
1853 2284 1971 2349 cet.

440 2388 533 2453 At
596 2388 1028 2453 Mommsenus
1090 2388 1156 2452 O.
1217 2389 1270 2453 I.
1320 2389 1390 2453 L.
1440 2389 1492 2453 Ι.
1541 2411 1606 2472 p.
1658 2389 1784 2453 281
1835 2388 2181 2452 rectissime
2231 2385 2513 2450 ostendit
2555 2384 2729 2450 hunc

348 2494 610 2558 titulum
675 2516 709 2558 e
770 2494 1329 2559 Pseudo-Victoris
1374 2495 1538 2559 libro
1586 2495 1971 2578 descriptum
2017 2515 2169 2558 esse.
2218 2492 2461 2557 Contra
2507 2490 2727 2555 Livius

347 2600 474 2677 IX,
544 2601 650 2677 29,
721 2602 761 2665 3
821 2600 895 2665 P.
960 2600 1224 2665 Decium
1285 2600 1407 2665 1100
1469 2622 1641 2665 anno
1696 2600 1863 2664 bello
1912 2621 2043 2663 non
2095 2598 2451 2663 interfuisse
2496 2596 2725 2661 refert:

354 2705 620 2789 »Itaque
682 2706 882 2769 altero
946 2705 1206 2769 consule
1266 2706 1381 2790 (M.
1447 2705 1733 2789 Valerio)
1795 2706 1865 2769 in
1929 2704 2187 2770 Samnio
2233 2704 2531 2787 reliquias
2580 2703 2732 2767 belli

347 2815 764 2896 persequente
791 2812 840 2895 ²)
894 2813 968 2878 P.
1015 2811 1282 2889 Decius,
1331 2813 1442 2895 qui
1486 2813 1874 2896 graviter
1935 2831 2191 2894 aeger
2252 2811 2552 2874 Romae
2612 2831 2731 2873 re-

349 2919 731 2994 stiterat,
815 2921 1071 2982 auctore
1157 2922 1384 2982 senatu
1454 2918 1829 2981 dictatorem
1900 2916 1971 2980 O.
2038 2916 2298 2980 Iunium
2372 2913 2729 2978 Bubulcum

351 3023 576 3085 dixit”.
609 3025 660 3107 3)
729 3023 810 3086 111
880 3024 1059 3087 Decii
1121 3027 1324 3087 morte
1382 3024 1691 3088 tradenda
1736 3044 1878 3087 cum
1926 3021 2112 3086 Livio
2160 3020 2241 3097 X,
2294 3021 2402 3103 28,
2457 3021 2560 3097 12,
2600 3041 2730 3103 seq.

350 3127 541 3209 plane
579 3127 880 3215 congruit
905 3128 1454 3193 Pseudo-Victor·
1483 3132 1763 3192 attamen
1795 3127 2013 3192 Livius
2039 3130 2115 3191 de
2140 3126 2493 3191 devotionis
2517 3147 2730 3190 caere-

353 3231 584 3294 moniis
659 3233 826 3315 egit‚
898 3233 1010 3296 ubi
1080 3232 1256 3297 Decii
1327 3236 1526 3317 patris
1597 3238 1865 3299 mortem
1934 3233 2136 3297 tradit
2203 3231 2429 3315 (VIII,
2504 3233 2566 3310 9,
2640 3232 2728 3317 5).

351 3336 611 3401 Praeter
680 3334 1292 3402 Pseudo-Victorem
1367 3340 1590 3415 Livius
1658 3340 1723 3405 X
1746 3388 1760 3417 ,
1829 3339 1935 3418 29,
1988 3340 2071 3402 20
2123 3338 2321 3415 Decii,
2372 3347 2657 3421 »corpus
2695 3362 2733 3403 a

347 3442 597 3526 collega
657 3443 984 3507 laudatum
1048 3444 1385 3527 magnifice
1447 3446 1765 3528 sepultum
1829 3445 2004 3509 esse''
2062 3444 2273 3508 refert.
2324 3443 2478 3508 Zon.
2531 3442 2730 3521 VIII,

355 3549 412 3613 1.
501 3571 566 3631 p.
658 3550 806 3614 366.
881 3550 952 3615 O.
1025 3550 1103 3614 D.
1176 3549 1354 3615 Decii
1428 3572 1655 3635 corpus
1726 3573 1765 3613 a
1838 3551 2083 3634 collega
2151 3549 2551 3614 combustum
2598 3572 2733 3614 esse

346 3659 586 3721 narrat.

442 3868 653 3954 Caput
701 3870 1014 3936 XXVIII.
1063 3870 1204 3935 Hoc
1251 3872 1456 3955 capite
1504 3870 2015 3935 Pseudo-Victor
2060 3874 2197 3935 arte
2245 3871 2541 3937 cohaeret
2586 3895 2731 3938 cum

424 4184 479 4251 1)
520 4184 598 4237 Of.
637 4183 792 4238 Nieb.
832 4182 978 4238 Hist.
1015 4184 1168 4238 Rom.
1207 4184 1315 4239 ΠΙ.
1352 4204 1404 4256 p.
1443 4186 1564 4237 154.
1604 4182 1725 4238 adn.
1764 4185 1886 4240 244.

424 4271 478 4337 2)
525 4270 676 4324 Fasti
733 4270 916 4341 Capit.
951 4270 1010 4323 C.
1047 4269 1093 4323 I.
1133 4269 1200 4323 L.
1239 4269 1286 4325 I.
1322 4289 1372 4341 p.
1411 4272 1516 4323 456
1554 4269 1828 4324 Valerium
1865 4270 1966 4326 hoc
2002 4289 2141 4325 anno
2178 4270 2244 4325 de
2281 4270 2607 4325 Samnitibus
2646 4272 2736 4326 So-

355 4354 628 4427 raneisque
667 4354 1012 4427 triumphasse
1049 4354 1280 4409 tradunt.

421 4442 475 4508 3)
516 4441 710 4494 Errore
758 4440 936 4512 lapsus
974 4439 1152 4496 Livius
1192 4442 1249 4495 G.
1289 4440 1498 4495 Iunium
1549 4440 1839 4498 Bubulcum
1882 4442 2193 4498 dictatorem
2231 4441 2380 4509 fecit;
2410 4460 2531 4497 nam
2553 4442 2613 4497 G.
2635 4444 2749 4499 Sul-

291 4560 294 4563 -
353 4523 526 4598 picius
561 4525 780 4597 Longus
828 4526 930 4581 hoc
963 4543 1104 4581 anno
1143 4526 1396 4592 dictator,
1437 4527 1494 4581 C.
1539 4526 1724 4583 Iunius
1762 4528 2031 4584 Bubulcus
2066 4528 2318 4600 magister
2354 4528 2585 4601 equitum
2634 4530 2749 4585 fuit.
