3184 5342
1374 405 1454 469 21

314 589 392 653 In
438 587 565 652 alia
608 609 677 652 re
697 635 713 664 ,
763 589 840 652 de
887 609 1014 671 qua
1060 587 1239 652 nulla
1286 588 1717 653 controversia
1763 609 1895 652 esse
1932 591 2175 672 potest,
2219 588 2372 671 quid
2395 586 2613 672 Nepos

222 693 561 760 tradiderit
576 741 591 772 ‚
655 692 979 778 Hauptius
1040 694 1201 758 miro
1265 697 1453 758 modo
1508 693 1913 758 difficultates
1982 693 2310 758 enucleare
2381 693 2615 758 frustra

226 806 492 867 conatus
537 804 651 866 est.
724 799 965 864 Gellius
1010 799 1203 865 XVII
1225 848 1240 879 ,
1284 801 1365 863 21
1389 848 1406 878 ‚
1447 801 1534 864 24
1572 799 1730 864 haec
1769 800 2022 864 scribit:
2071 799 2392 864 »Manlius
2431 800 2611 865 dam-

228 911 417 972 natus
463 906 691 992 capitis
736 928 770 970 e
818 927 969 971 saxo
1016 906 1289 990 Tarpeio
1310 955 1325 984 ‚
1378 909 1452 970 ut
1498 907 1589 977 ait
1639 907 1843 972 Varro
1864 954 1879 985 ‚
1930 927 2230 991 praeceps
2278 907 2465 971 datus
2481 958 2498 991 ,
2543 909 2618 970 ut

226 1011 560 1079 Cornelius
627 1018 838 1079 autem
899 1013 1117 1098 Nepos
1180 1013 1489 1098 scriptum
1552 1013 1810 1098 reliquit
1827 1063 1845 1098 ‚
1915 1013 2306 1078 verberando
2355 1015 2615 1078 necatus

226 1119 387 1184 est.”
437 1119 947 1185 Pseudo-Victor
988 1121 1074 1185 24
1093 1167 1109 1198 ‚
1158 1122 1193 1185 7
1236 1123 1445 1184 autem
1490 1119 1805 1184 Manlium
1843 1122 1922 1184 de
1967 1141 2117 1184 saxo
2141 1119 2413 1204 Tarpeio
2435 1141 2610 1204 prae·

227 1226 562 1310 cipitatum
611 1249 744 1292 esse
791 1227 1007 1292 tradit.
1054 1225 1379 1310 Hauptius
1426 1227 1503 1291 de
1552 1226 1672 1291 hac
1719 1227 2151 1292 controversia
2195 1226 2286 1290 ita
2331 1226 2618 1309 disputat

228 1331 298 1416 (l.
345 1332 390 1399 l.
439 1356 501 1417 p.
557 1334 694 1419 31):
750 1333 1060 1398 »Minime
1104 1334 1261 1398 haec
1309 1333 1616 1398 dissensio
1636 1379 1652 1410 ‚
1703 1355 1865 1417 quae
1912 1333 2004 1398 ibi
2033 1336 2147 1397 est
2189 1332 2361 1397 inter
2397 1331 2615 1416 Nepo-

230 1442 359 1502 tem
422 1443 488 1504 et
545 1444 866 1506 auctorem
914 1443 1206 1504 nostrum
1228 1486 1243 1517 ‚
1292 1461 1409 1503 nos
1458 1438 1796 1503 deturbare
1845 1439 2034 1503 debet
2052 1485 2067 1516 ‚
2115 1438 2223 1502 sed
2269 1437 2422 1501 hinc
2465 1458 2616 1522 pro-

212 1543 427 1610 ficisci
494 1547 775 1625 videtur,
844 1548 1016 1631 quod
1077 1544 1394 1629 Nepotem
1454 1544 1628 1609 haud
1689 1545 1822 1609 veri
1885 1544 2088 1608 simile
2149 1547 2248 1608 est
2313 1566 2352 1608 a
2397 1543 2618 1608 ceteris

232 1651 643 1736 scriptoribus
689 1657 768 1718 de
815 1653 1043 1718 Manlii
1090 1651 1401 1736 supplicio
1439 1649 1902 1736 discr‘epantem
1944 1673 2026 1716 ne
2066 1651 2455 1716 mentionem
2481 1650 2620 1734 qui-

231 1759 375 1822 dem
437 1759 719 1844 vulgaris
778 1758 951 1823 illius
999 1758 1387 1822 narrationis
1432 1757 1689 1836 iecisse3
1737 1758 1956 1841 itaque
1993 1779 2071 1821 ex
2109 1756 2353 1822 duabus
2394 1778 2617 1821 narra-

230 1865 515 1930 tionibus
578 1887 617 1930 a
678 1865 930 1950 Nepote
991 1865 1333 1950 propositis
1398 1853 1620 1929 auctor
1686 1869 1904 1929 noster
1949 1886 2088 1929 eam
2135 1865 2339 1949 ipsam
2388 1861 2621 1946 eligere

231 1972 479 2056 potuit,
547 1995 738 2057 quam
802 1971 1041 2037 Gellius
1090 1991 1221 2035 non
1269 1969 1540 2055 Nepotis
1589 1973 1700 2034 sed
1753 1970 2064 2034 Varronis
2112 1968 2438 2053 propriam
2487 1989 2620 2032 esse

230 2077 554 2142 iudicavit.
620 2078 867 2143 Deinde
925 2077 1229 2141 facillime
1277 2077 1547 2162 cogitari
1593 2080 1806 2161 potest
1851 2076 2168 2162 Nepotem
2215 2076 2372 2140 haec
2419 2074 2618 2159 scrip-

236 2185 423 2250 sisse:
472 2185 751 2250 Manlius
797 2185 876 2249 de
920 2205 1071 2249 saxo
1120 2184 1389 2268 Tarpeio
1428 2184 1888 2268 praecipitatus
1928 2183 2320 2249 verberando
2359 2183 2621 2246 necatus

236 2291 394 2356 est.’'
434 2291 593 2356 Rem
632 2315 749 2358 acu
788 2291 1003 2376 tetigit
1039 2290 1578 2357 Hildesheimerus
1618 2290 1736 2376 (l.l.
1762 2314 1824 2376 p.
1858 2291 1967 2376 10)
1990 2292 2091 2356 his
2115 2291 2321 2356 verbis
2349 2289 2622 2376 Hauptii

239 2399 620 2462 sententiam
665 2400 1085 2480 redarguens:
1121 2396 1232 2462 »Si
1276 2395 1494 2481 Nepos
1541 2397 1641 2460 his
1688 2400 1820 2461 tam
1866 2397 2178 2480 perversi-s
2226 2397 2432 2462 verbis
2473 2418 2623 2461 usus

242 2506 408 2567 esset
426 2551 441 2582 ,
489 2503 599 2585 qui
644 2523 878 2586 quaeso
925 2501 1064 2565 fieri
1110 2503 1321 2586 potuit
1338 2553 1355 2586 ,
1398 2505 1473 2566 ut
1506 2506 1569 2566 et
1610 2505 1834 2568 auctor
1873 2505 1950 2566 de
1985 2501 2138 2577 viris
2179 2502 2534 2568 illustribus
2558 2505 2624 2566 et

238 2607 575 2692 Ampelius
620 2609 700 2693 (c.
750 2606 837 2672 27
858 2655 873 2686 ,
924 2610 1002 2674 4:
1052 2608 1330 2672 Manlius
1360 2647 1438 2657 -
1470 2647 1551 2658 --
1605 2612 1683 2673 de
1731 2609 2000 2693 Tarpeio
2049 2631 2202 2674 saxo
2241 2607 2622 2693 praecipita-

238 2717 344 2777 tus
392 2717 536 2800 est.)
583 2738 721 2780 eam
770 2716 1180 2800 potissimum
1220 2715 1527 2801 eligerent
1570 2716 1924 2781 versionem
1945 2763 1960 2794 ‚
2003 2737 2197 2800 quam
2222 2715 2464 2780 Gellius
2488 2736 2622 2780 non

241 2820 509 2905 Nepotis
555 2826 663 2886 sed
712 2822 1015 2888 Varronis
1061 2822 1385 2906 propriam
1432 2844 1566 2887 esse
1610 2823 1920 2887 iudicavit
1939 2826 1970 2887 *ι>
2007 2821 2252 2888 Verum
2290 2821 2480 2886 etiam
2518 2843 2621 2886 re-

238 2927 391 2991 licto
438 2928 735 3014 Ampelio
780 2929 1051 3014 Hauptii
1096 2930 1209 2994 illa
1249 2929 1517 2994 artificia
1554 2932 1881 2997 corruunt.
1921 2928 2148 3014 Neque
2187 2929 2356 2993 enim
2396 2929 2616 2994 verbo-

236 3054 381 3097 rum
430 3036 540 3099 sed
583 3058 793 3101 rerum
842 3036 1328 3119 discrepantiam
1350 3034 1611 3101 Gellius
1651 3036 1999 3120 significat:
2030 3035 2345 3121 Nepotem
2368 3038 2618 3100 tradere

240 3138 553 3205 Manlium
593 3163 707 3226 per
737 3143 1106 3207 duumviros
1130 3143 1550 3226 perduellioni
1572 3143 1948 3208 iudicandae
1975 3142 2027 3229 1)
2051 3143 2425 3208 damnatum
2447 3143 2620 3208 ideo-

238 3267 364 3330 que
420 3269 594 3312 more
636 3249 946 3314 maiorum
993 3249 1396 3314 verberatum
1442 3270 1574 3313 esse
1592 3299 1608 3331 ‚
1660 3248 2010 3314 Varronem
2057 3253 2268 3314 autem
2316 3270 2454 3313 eum
2506 3270 2620 3335 per

238 3353 534 3420 tribunos
590 3357 961 3420 damnatum
1007 3355 1274 3438 ideoque
1320 3355 1397 3421 de
1444 3376 1593 3419 saxo
1641 3355 1908 3440 Tarpeio
1955 3355 2442 3441 praecipitatum
2488 3377 2621 3420 esse

237 3459 358 3539 (Of.
423 3459 738 3545 Schwegl.
802 3460 995 3547 Hist„
1034 3461 1217 3526 Rom.
1283 3461 1404 3526 III.
1470 3485 1533 3548 p.
1601 3463 1754 3527 297.
1819 3461 2111 3528 MommS.
2161 3461 2383 3528 Herm.
2424 3461 2504 3527 V.
2551 3485 2618 3546 p.

242 3565 481 3630 253=
505 3565 758 3643 Quaest.
832 3566 1015 3634 Rom.
1056 3568 1139 3632 II.
1193 3591 1255 3652 p.
1296 3568 1520 3653 193).”
1589 3569 1816 3654 Neque
1857 3590 2018 3653 quae
2055 3572 2133 3633 de
2173 3569 2312 3633 aliis
2350 3567 2621 3632 manife-

239 3673 356 3737 stis
387 3673 658 3758 Nepotis
704 3675 771 3738 in
798 3677 1018 3739 eodem
1058 3675 1266 3759 capite
1304 3675 1589 3760 vestigiis
1624 3674 1950 3759 Hauptius
1974 3676 2305 3740 contendit
2322 3724 2338 3754 ‚
2363 3676 2618 3742 maioris

240 3781 547 3845 momenti
596 3784 771 3848 sunt.
816 3782 1017 3846 Putat
1062 3803 1135 3846 ea
1153 3828 1168 3859 ,
1215 3802 1379 3864 quae
1424 3781 1940 3846 Pseudo-Victor
1986 3785 2065 3846 de
2110 3781 2338 3846 Manlii
2384 3782 2620 3847 virtute

214 4115 225 4126 ›
315 4081 422 4139 Cic.
460 4084 625 4140 Acad.
661 4103 744 4156 pr.
781 4083 868 4151 ΙΙ,
908 4086 939 4139 2
954 4127 969 4151 ,
1010 4087 1059 4139 5.
1096 4116 1167 4126 —
1203 4113 1274 4128 --
1310 4102 1430 4140 cum
1468 4085 1694 4140 Graecas
1730 4084 1910 4140 literas
1948 4086 2022 4141 M.
2064 4087 2317 4142 Catonem
2353 4087 2410 4142 in
2445 4104 2618 4142 senec-

238 4173 359 4226 tute
393 4169 636 4227 didicisse
670 4171 975 4243 acceperim.

313 4256 422 4312 Cic.
463 4256 577 4312 Cal.
618 4257 697 4313 M.
739 4259 768 4311 8
783 4300 798 4322 ,
838 4257 923 4311 26.
963 4275 1061 4329 ego
1102 4257 1277 4328 (Cato)
1318 4286 1391 4300 —-
1426 4287 1499 4300 -·
1534 4246 1762 4312 Graecas
1797 4257 1975 4313 literas
2013 4276 2169 4313 senex
2205 4257 2381 4313 didici.

308 4343 452 4398 Plut.
492 4343 607 4398 Cat.
646 4345 695 4398 2.
733 4348 973 4408 Παιδείας
1008 4351 1295 4409 Ἑλληνικῆς
1328 4350 1573 4412 ὀψιμαθὴς
1607 4351 1836 4414 γενέσθαι
1871 4351 2096 4415 λέγεται.

310 4446 367 4515 1)
416 4444 494 4500 Cf.
544 4443 661 4500 Liv.
707 4445 817 4512 VI,
866 4447 967 4513 20,
1016 4447 1103 4500 12.
1149 4449 1299 4512 sunt,
1349 4447 1440 4517 qui
1489 4465 1581 4518 per
1631 4446 1966 4513 duumvir0s‚
2020 4446 2112 4517 qui
2158 4446 2225 4503 de
2261 4445 2622 4518 perduellione

239 4530 607 4602 anquirerent,
645 4535 847 4588 creatos
881 4537 1123 4588 auctores
1160 4533 1269 4588 sint
1304 4533 1626 4588 damnatum.
2557 4523 2562 4526 ¹
