3184 5342
1479 379 1561 443 27

519 567 763 633 Gellius
806 567 906 632 VI
956 565 1175 652 (VII),
1231 565 1289 628 1.
1343 565 1419 642 2,
1461 585 1590 647 seq.
1981 561 2058 625 de
2105 560 2220 627 vir.
2270 559 2362 622 ill.
2415 559 2520 624 49.

409 674 481 741 C.
573 674 816 760 Oppius
883 676 949 738 et
1014 673 1292 739 Iulius
1366 671 1756 756 Hyginus

320 782 553 867 aliique
569 829 584 860 ‚
648 782 756 866 qui
812 783 890 845 116
939 781 1073 846 vita
1116 783 1181 844 et
1231 778 1419 842 rebus
1463 776 1751 842 Africani

318 881 706 971 scripserunt
722 935 739 966 ‚
800 890 1070 951 matrem
1138 886 1273 950 eius
1319 873 1427 949 diu
1475 882 1749 948 sterilem

316 994 744 1061 existimatam
837 996 1107 1059 tradunt
1126 1044 1141 1061 .
1171 1041 1187 1058 .
1216 1042 1229 1056 .
1260 1041 1275 1057 .
1372 991 1604 1056 Postea
1685 990 1754 1053 in
2262 989 2295 1051 1

316 1100 608 1165 cubiculo
696 1105 888 1185 atque
964 1100 1034 1164 in
1106 1100 1272 1164 lecto
1340 1097 1622 1162 mulieris
1650 1146 1663 1163 .
1694 1145 1709 1160 .
1737 1144 1752 1161 .
1941 1096 2305 1180 Antequam
2343 1092 2706 1177 concipere-

316 1206 524 1272 visum
585 1211 846 1291 repente
908 1228 1039 1271 esse
1092 1206 1275 1270 iuxta
1332 1226 1468 1268 eam
1534 1203 1764 1268 cubare
1855 1206 1962 1267 tur
2022 1202 2115 1281 (P.
2182 1199 2512 1265 Cornelius
2570 1198 2709 1263 Sci-

318 1312 652 1397 ingentem
700 1332 973 1396 anguem
1030 1350 1109 1361 —
1157 1348 1239 1360 —
1292 1331 1499 1395 neque
1547 1309 1764 1374 multis
1856 1309 2028 1395 pio),
2093 1328 2352 1391 serpens
2413 1306 2480 1368 in
2544 1304 2708 1368 lecto

323 1419 546 1482 diebus
580 1421 915 1503 postquam
956 1419 1065 1482 ille
1103 1417 1335 1502 anguis
1372 1417 1440 1480 in
1478 1417 1644 1480 lecto
1667 1414 1763 1480 vi·
1857 1413 2080 1479 matris
2126 1411 2259 1477 eius
2299 1411 2616 1495 apparuit.

321 1545 427 1588 sus
468 1526 564 1588 est
581 1571 597 1601 ‚
640 1523 965 1589 mulierem
1005 1524 1284 1608 coepisse
1311 1522 1602 1606 concepti
1624 1521 1759 1586 foe-

321 1632 424 1694 tus
471 1629 656 1714 signa
702 1634 894 1714 atque
940 1651 1193 1695 sensum
1239 1628 1376 1713 pati
2264 1626 2302 1689 2

410 1734 771 1820 Scipionem
802 1735 977 1802 1111116
1001 1736 1381 1802 Africanum
1406 1734 1759 1799 solitavisse
1917 1734 2018 1798 ‘In
2061 1731 2444 1819 Capitolium
2471 1730 2705 1794 intem-

321 1840 529 1906 noctis
576 1846 860 1907 extremo
880 1891 895 1921 ‚
938 1844 1305 1927 priusquam
1347 1841 1755 1918 dilucularet‚
1847 1844 2027 1925 pesta
2059 1843 2246 1905 1106116
2269 1842 2521 1903 euntem
2549 1859 2708 1900 nun-

320 1947 389 2010 in
442 1945 832 2032 Capitolium
874 1949 1187 2014 ventitare
1227 1970 1297 2013 ac
1345 1948 1563 2013 iubere
1606 1968 1755 2030 ape-
1847 1969 2040 2031 quam
2145 1967 2333 2010 canes
2433 1945 2707 2007 latrave-

320 2052 432 2117 riri
496 2054 721 2118 cellam
784 2054 957 2120 Iovis
1012 2059 1203 2140 atque
1256 2055 1348 2119 ibi
1398 2053 1602 2118 solum
1651 2052 1757 2117 diu
1849 2052 2082 2139 runtl).
2101 2051 2236 2118 Nec
2254 2051 2355 2116 1116
2370 2049 2707 2135 quicquam

329 2159 673 2239 demorari,
724 2161 906 2246 quasi
942 2161 1409 2227 consultantem
1454 2162 1532 2223 de
1568 2180 1756 2242 repu-
1850 2159 2026 2244 prius
2096 2158 2306 2242 coepit
2375 2178 2564 2241 quam
2637 2154 2702 2218 in

327 2263 494 2328 blica
596 2288 738 2331 cum
826 2267 978 2332 Iove
1063 2267 1539 2350 aeditumosque
1625 2265 1757 2329 eius
1850 2265 2008 2330 cella
2039 2264 2208 2330 Iovis
2233 2262 2586 2328 diutissime
2607 2282 2704 2325 se-

325 2371 549 2454 templi
597 2394 780 2459 saepe
801 2398 933 2441 esse
957 2377 1322 2453 demirat08‚
1348 2375 1519 2459 quod
1545 2373 1752 2438 solum
1847 2373 2040 2438 disset
2057 2419 2073 2450 ‚
2145 2371 2342 2459 {quasi
2419 2369 2702 2435 divinam

326 2473 392 2536 id
440 2479 743 2560 temporis
787 2481 854 2545 in
881 2479 1264 2567 Capitolium
1288 2479 1755 2565 ingredientem
1848 2482 2122 2544 mentem
2173 2477 2535 2561 accepisset.

324 2601 513 2644 canes
543 2628 557 2645 .
586 2630 601 2646 .
756 2609 961 2673 neque
1008 2588 1322 2652 latrarent
1365 2607 1509 2650 eum
1557 2606 1764 2670 neque

324 2685 744 2757 incurrerent.
1657 2711 1663 2715 ·

410 2792 620 2862 Facile
684 2800 962 2865 concedo
1020 2800 1143 2864 hoc
1198 2800 1337 2864 loco
1399 2798 1999 2864 Pseudo-Victorem
2045 2820 2190 2863 cum
2236 2797 2501 2884 Hygino
2549 2819 2704 2862 con-

318 2923 568 2992 gruere,
620 2910 729 2972 sed
770 2911 989 2973 eodem
1028 2911 1246 2974 tamen
1288 2908 1423 2972 iure
1448 2907 1752 2972 contendi
1776 2909 1991 2990 potest
2014 2929 2174 2990 quae
2199 2910 2370 2991 apud
2393 2906 2700 2971 Nostrum

318 3008 438 3074 hac
500 3012 577 3076 de
639 3035 708 3078 16
772 3015 1091 3100 legantur,
1156 3037 1232 3080 ex
1298 3014 1369 3084 C.
1419 3012 1628 3098 Oppio
1676 3012 1932 3077 fluxisse
1985 3013 2081 3077 vel
2130 3034 2207 3077 ex
2257 3012 2381 3077 alio
2428 3012 2700 3096 quodam

320 3134 537 3180 eorum
584 3121 696 3202 qui
742 3124 821 3185 de
865 3122 1000 3186 vita
1046 3125 1111 3186 et
1148 3109 1333 3186 rebus
1380 3119 1674 3184 Africani
1722 3118 2130 3202 scripserunt.

410 3220 603 3305 Apud
680 3227 1038 3311 Ampelium
1112 3248 1365 3312 quoque
1426 3225 1678 3310 Hygini
1737 3225 2006 3310 vestigia
2068 3229 2315 3290 exstare
2370 3225 2702 3289 ostendere

318 3330 588 3393 conatus
648 3335 778 3409 est,
844 3337 1015 3418 quod
1065 3332 1396 3417 Ampelius
1448 3333 1530 3397 18
1553 3380 1568 3411 ,
1642 3332 1681 3396 9
1723 3335 1940 3397 eadem
1989 3336 2066 3397 de
2111 3332 2403 3398 Fabricio
2454 3335 2699 3409 tradat,

317 3454 480 3517 quae
547 3434 787 3503 Gellius
847 3438 963 3517 IV,
1031 3441 1094 3525 8,
1162 3442 1197 3505 7
1248 3443 1310 3504 et
1358 3438 1565 3524 XVII,
1621 3439 1728 3517 21,
1780 3440 1883 3503 39.
1937 3438 2289 3513 »Quoniam
2341 3438 2584 3504 Gellius
2631 3437 2700 3514 Ι,

321 3539 404 3603 14
472 3540 675 3606 31111116
744 3547 822 3610 de
886 3545 1162 3610 Fabricii
1218 3546 1553 3611 severitate
1614 3545 1970 3629 exemplum
2034 3567 2111 3609 ex
2161 3544 2428 3629 Hygino
2477 3567 2543 3608 se
2589 3546 2697 3608 de-

316 3666 606 3728 promere
665 3649 803 3733 ipse
860 3651 1200 3728 fateatur‚”
1262 3650 1595 3735 Hyginum
1657 3670 1908 3735 quoque
1963 3654 2306 3715 auctorem·
2332 3650 2699 3714 narratiun-

316 3753 526 3831 culae,
575 3777 767 3839 quam
814 3758 982 3839 apud
1031 3757 1193 3822 Gell.
1245 3756 1364 3833 IV,
1418 3758 1493 3833 8,
1548 3756 1606 3820 7.
1660 3754 1887 3833 XVII,
1935 3756 2054 3833 21,
2101 3757 2183 3821 39
2226 3756 2524 3841 legimus,
2566 3777 2699 3820 esse

317 3855 855 3926 Hildesheimerus
893 3866 1101 3945 putat.
1150 3862 1271 3928 Sed
1320 3865 1770 3946 argumentum
1821 3861 2008 3926 nihili
2056 3865 2154 3926 est
2197 3862 2660 3928 aestimandum
2682 3909 2697 3940 ,

387 4076 445 4145 1)
502 4075 601 4131 Th.
652 4077 823 4148 opitz.
874 4079 969 4148 (N.
1018 4079 1203 4134 Jahrb.
1254 4078 1291 4134 f.
1345 4077 1536 4133 Philol.
1583 4097 1636 4133 u.
1689 4077 1919 4150 Paodag.
1981 4043 2137 4135 1881.
2175 4080 2278 4135 vol.
2323 4082 2442 4134 133.
2480 4099 2533 4150 p.
2572 4081 2699 4149 202)

313 4160 383 4214 ad
432 4161 631 4235 Hygini
680 4168 735 4218 et
786 4164 1250 4220 Pseudo-Victoris
1300 4183 1611 4220 consensum
1661 4164 1995 4235 probandum
2045 4166 2260 4222 maximi
2296 4165 2550 4222 momenti
2585 4184 2700 4220 6336
2793 4225 2796 4228 ,

311 4251 469 4318 putat
518 4249 657 4318 quod
705 4255 760 4304 et
807 4251 1059 4324 Hyginus
1106 4251 1352 4323 (Gellius)
1406 4256 1460 4307 et
1495 4251 1917 4306 Pseudo-Victor
1954 4251 2116 4307 verbo
2151 4251 2378 4307 latrandi
2422 4252 2697 4308 transitive

309 4335 693 4406 usurpaverint.
749 4339 825 4392 At
877 4338 976 4394 1106
1033 4343 1400 4410 argumentum
1457 4337 1585 4393 nihil
1643 4337 1816 4393 valere
1870 4338 1995 4393 111116
2046 4337 2380 4410 perspicuum
2409 4342 2515 4400 est,
2554 4338 2694 4408 quod

312 4419 413 4475 hoc
462 4422 683 4477 verbum
730 4441 835 4478 non
881 4424 1050 4479 solum
1097 4424 1238 4496 apud
1290 4429 1471 4497 poetas
1518 4423 1611 4479 sed
1659 4423 1816 4478 etiam
1861 4423 2004 4496 apud
2051 4423 2187 4478 Plin.
2225 4425 2354 4480 Nat.
2391 4425 2531 4480 Hist.
2576 4443 2692 4479 cum

312 4507 635 4564 Accusativo
672 4528 1047 4582 nonnunquam
1086 4510 1441 4584 coniungitur.
1482 4511 1548 4568 cf.
1587 4510 1723 4565 Plin.
1760 4509 1832 4566 1.1.
1864 4510 2051 4576 XXV,
2093 4511 2214 4566 126.
