3184 5342
1735 375 1818 438 38

578 577 729 632 am,
794 555 847 618 si
905 555 972 618 id
1034 555 1246 638 eloqui
1301 558 1549 640 posset,
1595 555 1714 627 in·
1829 556 2980 634 meamexurerem‚sieamcon-

576 660 776 745 quit,
828 661 1311 726 comburere
1336 684 1417 728 m.
1837 662 2050 726 silium
2091 684 2301 726 meum
2324 662 2482 727 scire
2508 663 2975 730 existimarem.

670 767 1212 832 Hildesheimerus
1270 768 1341 858 (l.
1361 769 1402 831 1.
1468 790 1531 853 p.
1582 769 1696 846 44)
1743 769 1872 832 iam
1917 768 2199 832 ostendit
2245 768 2862 835 Pseudo-Victorem
2908 772 2985 834 id

579 872 1039 937 taciturnitatis
1084 875 1445 958 exemplum
1495 895 1628 938 non
1677 895 1753 938 ex
1791 874 1931 958 ipso
1977 872 2293 938 Frontino
2335 873 2774 958 desumpsisse,
2799 879 2981 960 quod

580 978 1094 1043 Pseudo-Victor
1138 979 1261 1043 hoc
1306 980 1550 1044 dictum
1598 983 1766 1044 recte
1812 978 1886 1055 Q.
1929 977 2200 1045 Caecilio
2237 979 2497 1044 Metello
2536 979 2978 1062 MacedonicO,

580 1083 934 1149 Frontinus
978 1083 1050 1160 Q.
1102 1084 1375 1150 Caecilio
1421 1086 1682 1150 Metello
1730 1085 1846 1150 Pio
1893 1086 2276 1150 attribuerit.

757 1188 982 1254 Front.
1032 1188 1144 1257 l.l.
1192 1190 1293 1274 H,
1347 1193 1422 1269 3,
1474 1193 1579 1255 24.
2075 1194 2155 1256 de
2201 1191 2316 1257 vir.
2364 1191 2457 1258 ill.
2511 1195 2632 1272 38,
2684 1196 2743 1259 1.

677 1293 749 1361 O.
818 1293 1113 1374 Duilius,
1159 1318 1333 1361 cum
1380 1297 1714 1362 videret
1921 1295 1992 1362 O.
2042 1295 2332 1375 Duilius,
2399 1319 2569 1363 cum
2641 1301 2982 1367 videret

584 1423 811 1488 graves
894 1424 1041 1467 suas
1102 1423 1297 1468 naves
1366 1403 1725 1468 mobilitate
1842 1425 1947 1468 eos
2017 1401 2636 1492 (Carthaginienses)
2700 1407 2979 1472 multum

585 1507 868 1572 Punicae
907 1507 1125 1572 classis
1154 1508 1325 1572 eludi
1351 1560 1365 1574 .
1396 1559 1411 1574 .
1442 1557 1458 1574 .
1485 1531 1578 1572 ex
1599 1530 1632 1573 c
1650 1531 1736 1574 o-.
1837 1509 2002 1574 mari
2016 1531 2222 1594 posse,
2247 1508 2511 1575 classem
2530 1559 2543 1574 .
2565 1558 2580 1575 .
2601 1559 2615 1575 .
2633 1510 2984 1578 fabricavit

585 1602 911 1699 g‘itavit
1016 1636 1302 1678 manus
1408 1613 1730 1680 ferreas
1846 1620 1910 1680 et
1951 1637 2236 1679 manus
2277 1614 2978 1684 ferreascumirrisu

578 1743 743 1806 quae
805 1720 917 1785 ubi
963 1719 1724 1805 apprehenderunt
1836 1721 2116 1786 hostium
2165 1721 2485 1805 primus
2524 1723 2972 1800 instituit,
3043 1698 3061 1714 ⁶

580 1826 879 1894 hostilem
925 1848 1174 1891 navem.
1203 1874 1219 1890 .
1247 1876 1264 1893 .
1292 1873 1309 1890 .
1830 1828 2060 1912 quibus
2129 1828 2302 1892 inter
2369 1831 2787 1912 pugnandum
2851 1832 2974 1896 ho-

1834 1934 2030 1999 stium
2087 1955 2317 1999 navem
2391 1937 2977 2020 apprehendit.

672 2038 1185 2106 Pseudo-Victor
1244 2061 1471 2104 manus
1534 2038 1771 2104 ferreas
1823 2039 2113 2105 hostibus
2153 2039 2428 2105 ludibrio
2473 2039 2667 2107 fuisse
2713 2048 2934 2108 narrat
2955 2093 2971 2124 ,

583 2150 657 2216 de
704 2169 832 2232 qua
876 2167 945 2211 re
991 2145 1343 2210 Frontinus
1392 2168 1475 2211 ne
1523 2146 1718 2211 verbo
1771 2147 2029 2230 quidem
2079 2146 2236 2231 agit.

673 2253 962 2320 Tandem
1020 2251 1401 2317 Enmannus
1457 2252 1730 2317 coniecit
1777 2251 2163 2338 Eutropium
2211 2253 2542 2318 nonnullis
2590 2254 2743 2318 locis
2781 2277 2953 2338 prae-

582 2365 679 2428 ter
739 2359 905 2426 Livii
966 2359 1289 2444 epitomen
1352 2363 1675 2423 auctorem
1697 2407 1712 2438 ,
1760 2381 1948 2444 quem
1999 2358 2513 2424 Pseudo-Victor
2557 2359 2923 2444 excerpserit
2940 2405 2955 2436 ,

586 2489 923 2554 usurpasse
941 2514 956 2545 ‚
1024 2465 1195 2551 quod
1257 2487 1335 2529 ex
1394 2465 1473 2529 iis
1492 2513 1507 2544 ‚
1571 2487 1735 2550 quae
1804 2465 2152 2551 Eutropius
2199 2467 2275 2530 de
2320 2465 2488 2530 bello
2535 2488 2678 2530 cum
2727 2464 2966 2550 Pyrrho

585 2577 767 2659 gesto
815 2573 1115 2652 tradidit,
1177 2572 1445 2657 probare
1507 2575 1796 2637 conatur.
1892 2572 1994 2638 Ibi
2054 2571 2438 2657 Eutropium
2503 2574 2660 2636 duos
2729 2589 2973 2634 errores

586 2679 974 2746 commisisse
992 2726 1008 2756 ,
1058 2678 1227 2762 quod
1273 2678 1515 2742 tradat:

678 2786 731 2851 I.
803 2785 1120 2870 Pyrrhum
1167 2785 1247 2848 ad
1293 2782 1602 2848 Asculum
1650 2784 1889 2850 victum
1937 2789 2003 2849 et
2046 2783 2395 2849 Tarentum
2440 2782 2736 2867 fugatum
2757 2829 2772 2859 ‚

680 2891 766 2958 II.
813 2889 1175 2955 Fabricium
1221 2893 1449 2956 contra
1493 2911 1638 2955 eum
1685 2891 1948 2956 missum
1995 2913 2148 2956 esse.
2222 2889 2318 2956 De
2370 2889 2596 2975 Pyrrhi
2641 2891 2722 2952 ad
2769 2886 2974 2952 Ascu-

591 3000 726 3064 lum
790 2997 968 3062 clade
1030 2999 1095 3060 et
1138 2996 1294 3081 fuga
1340 2995 1957 3062 Pseudo-Victorem
2003 3017 2252 3080 quoque
2299 2994 2691 3059 mentionem
2738 2993 2973 3072 facere,

589 3104 766 3169 cuius
811 3107 1032 3167 auctor
1077 3102 1181 3168 hic
1228 3124 1261 3166 e
1308 3101 1496 3167 Floro
1544 3105 1842 3186 pendeat.
1905 3101 2166 3167 Florum
2215 3105 2296 3166 ad
2344 3100 2653 3167 Asculum
2702 3123 2740 3164 a
2785 3098 2977 3166 Curio

586 3215 649 3275 et
707 3208 997 3273 Fabricio
1060 3208 1423 3276 consulibus
1481 3213 1845 3294 pugnatum
1893 3231 2027 3274 esse
2076 3209 2302 3274 vitiose
2351 3205 2668 3272 rettulisse
2687 3254 2702 3285 ‚
2754 3208 2978 3270 contra.

586 3314 967 3400 Eutropium
1026 3316 1119 3381 ibi
1181 3338 1221 3380 a
1263 3315 1338 3383 P.
1387 3315 1669 3402 Sulpicio
1719 3321 1785 3384 et
1830 3316 2026 3382 Decio
2075 3317 2258 3382 Mure
2304 3314 2669 3380 consulibus
2715 3312 2979 3378 dimica-

591 3428 731 3489 tum
780 3443 913 3488 esse
956 3422 1309 3487 tradidisse.
1359 3421 1742 3507 Eutropium
1789 3424 1990 3508 igitur
2037 3422 2282 3487 cladem
2321 3420 2556 3506 Pyrrhi
2579 3442 2656 3485 ex
2681 3421 2934 3484 auctore
2961 3466 2978 3497 ‚

591 3553 625 3596 e
687 3550 814 3615 quo
862 3527 1373 3594 Pseudo-Victor
1416 3530 1694 3614 pendeat
1714 3577 1729 3608 ,
1782 3529 2048 3595 nomina
2094 3529 2424 3594 consulum
2473 3551 2508 3592 e
2551 3527 2725 3594 Livii
2770 3525 2979 3611 epito-

593 3657 695 3700 me
742 3634 1177 3720 desumpsisse.
1226 3632 1473 3700 Deinde
1518 3634 1901 3722 Eutropium
1951 3635 2121 3720 apud
2171 3636 2438 3700 eundem
2481 3637 2802 3700 auctorem
2825 3653 2981 3718 pro-

593 3741 900 3805 ditionem
954 3741 1184 3806 medici
1226 3739 1519 3806 Fabricio
1565 3746 1630 3806 et
1677 3740 1866 3807 Curio
1915 3741 2283 3808 consulibus
2329 3745 2746 3805 memoratam
2792 3740 2978 3804 inve-

591 3847 761 3910 nisse
829 3849 895 3910 et
960 3846 1193 3912 idcirco
1257 3847 1515 3913 finxisse
1581 3846 1941 3912 Fabricium
2007 3868 2134 3932 quo
2199 3865 2374 3910 anno
2434 3867 2502 3908 re
2565 3867 2712 3910 vera
2760 3845 2986 3910 consul

592 3955 757 4016 esset
772 4003 789 4035 ,
857 3956 1080 4017 contra
1139 3952 1458 4038 Pyrrhum
1520 3953 1785 4018 missum
1851 3975 2002 4019 esse.
2074 3953 2410 4018 Praeterea
2458 3950 2768 4015 nonnulla
2813 3953 2987 4034 apud

590 4057 976 4144 Eutropium
1039 4062 1106 4123 et
1165 4058 1781 4124 Pseudo-Victorem
1848 4079 2196 4142 congruere
2219 4106 2234 4136 ‚
2301 4078 2463 4142 quae
2525 4056 2782 4121 aliunde
2829 4057 2987 4121 satis

588 4166 745 4229 nota
806 4165 939 4230 sint
978 4163 1050 4251 1).
1114 4163 1237 4231 Sed
1301 4186 1433 4230 non
1500 4187 1660 4250 opus
1713 4168 1809 4230 est
1851 4165 2086 4230 talibus
2134 4163 2420 4230 artificiis
2465 4161 2870 4228 difficultates
2915 4163 2989 4226 in

654 4338 713 4407 1)
747 4336 874 4393 Iure
902 4339 1209 4393 Eumannus
1242 4353 1332 4403 ea,
1372 4355 1509 4407 quae
1544 4337 1688 4408 apud
1720 4337 2228 4396 Pseudo-Victorem
2252 4337 2318 4392 de
2337 4334 2527 4390 medici
2547 4333 2842 4406 proditione
2863 4351 2988 4390 cum

592 4422 851 4495 Eutropio
869 4423 939 4477 ad
956 4423 1171 4480 verbum
1184 4427 1499 4496 congruunt,
1512 4423 1957 4491 additamentum,
1971 4443 2038 4480 ex
2050 4424 2309 4497 Eutropio
2322 4423 2676 4495 desumptum,
2691 4438 2800 4474 esse
2810 4423 2985 4491 putat.

592 4508 749 4576 Quod
782 4508 1204 4565 additamentum
1245 4509 1301 4564 in
1336 4509 1445 4565 fere
1484 4510 1727 4568 omnibus
1764 4511 2030 4568 codicibus
2067 4516 2122 4568 et
2154 4510 2486 4568 editionibus
2525 4528 2632 4566 non
2670 4506 2950 4564 invenitur.
