3184 5342
1586 345 1673 410 88

435 526 598 591 1111111
645 548 721 590 ex
763 526 1204 610 praesentibus
1250 527 1403 590 satis
1443 526 1852 591 111101111οε1-
1887 562 1971 575 --
2001 546 2188 609 quem
2210 525 2464 607 patrum
2490 527 2600 588 aut
2622 524 2831 608 plebis

433 655 564 697 esse
615 672 696 681 —
728 670 806 681 —
859 633 960 696 cui
1005 654 1095 695 ex
1142 632 1465 696 iniuria
1502 632 1881 697 insanientis
1906 632 2217 696 exercitus
2242 651 2431 695 causa
2455 634 2619 694 recte
2642 651 2820 694 com-

433 738 810 802 mittatur‘?”
856 738 1304 803 Libentissime
1351 738 1513 802 facio
1561 760 1703 803 cum
1752 737 2301 809 WeissenborniO.
2352 736 2463 820 qui
2501 735 2650 801 huic
2674 738 2819 803 loco

431 843 585 907 haec
647 844 1008 927 adscripsit:
1077 843 1336 908 »Verba
1404 845 1574 927 apud
1640 844 1890 907 Livium
1956 842 2223 905 obscura
2284 845 2458 918 sunt3
2530 864 2681 905 nam
2739 844 2819 907 de

430 949 700 1025 iniuria,
741 972 777 1012 a
819 949 1130 1013 militibus
1172 954 1468 1033 accepta,
1514 971 1645 1013 non
1683 949 1814 1031 egit
1861 948 2118 1023 Livius3
2144 948 2312 1031 apud
2337 950 2657 1011 auctorem
2682 949 2819 1013 eius

413 1055 698 1119 ,fortasse
747 1077 820 1118 ea
868 1055 1062 1119 verba
1111 1057 1190 1119 ad
1240 1076 1434 1139 grave-
1483 1079 1586 1121 aes
1637 1056 1913 1119 alienum
1962 1053 2390 1138 pertinebant.
2442 1053 2541 1117 cf.
2572 1056 2674 1137 38,
2710 1055 2815 1119 7.”

428 1160 652 1244 Neque
715 1161 934 1226 Livius
982 1164 1058 1225 de
1107 1162 1358 1226 sublato
1405 1184 1548 1257 aere
1597 1163 1805 1226 alieno
1858 1160 2245 1224 mentionem
2295 1159 2471 1236 fecit,
2526 1164 2817 1225 attamen

431 1266 682 1329 rettulit
728 1290 817 1339 se⁴
847 1267 1018 1350 apud
1069 1270 1374 1350 quosdam
1425 1272 1713 1332 auctores
1758 1267 2073 1331 invenisse
2117 1270 2181 1330 L.
2227 1266 2579 1331 Genucium
2606 1267 2816 1331 tribu-

433 1394 586 1435 num
634 1371 837 1455 plebis
879 1372 1099 1436 tulisse
1150 1373 1229 1436 ad
1275 1372 1524 1455 plebem
1574 1395 1656 1437 ne
1703 1373 1988 1437 fenerare
2035 1372 2253 1436 liceret
2298 1372 2460 1457 (VII
2484 1420 2498 1449 ‚
2549 1373 2632 1436 42
2655 1421 2669 1450 ,
2727 1374 2810 1460 1).

430 1475 603 1551 Quae
670 1476 1181 1543 Pseudo-Victor
1245 1479 1323 1541 de
1378 1478 1498 1542 hac
1545 1478 1854 1543 seditione
1904 1478 2171 1541 tradidit
2218 1477 2403 1563 plane
2450 1483 2819 1561 congruunt

433 1602 576 1645 cum
623 1582 700 1645 iis
721 1629 736 1659 ,
784 1604 945 1666 quae
993 1584 1161 1666 apud
1211 1582 1579 1666 Appianum
1628 1583 1843 1649 Samn.
1892 1583 1967 1647 fr.
2026 1584 2057 1647 1
2109 1583 2397 1667 legimus,

523 1900 734 1986 Caput
782 1902 994 1968 XXX.
1047 1902 1202 1966 Fere
1227 1903 1478 1981 omnia,
1521 1924 1683 1986 quae
1707 1904 2042 1986 scriptores
2067 1905 2145 1967 de
2170 1902 2347 1967 clade
2372 1901 2659 1968 Caudina
2682 1909 2812 1968 ret-

431 2007 753 2085 tulerunt,
803 2009 972 2073 inter
996 2030 1060 2072 se
1086 2013 1455 2092 congruunt
1475 2056 1489 2078 .
1531 2030 1731 2091 pauca
1758 2013 1973 2072 tamen
2000 2012 2185 2085 sunt,
2211 2030 2373 2091 quae
2398 2012 2568 2092 apud
2592 2031 2811 2075 omnes

427 2135 562 2177 non
610 2116 829 2177 eodem
879 2117 1067 2178 modo
1115 2116 1473 2178 traduntur.
1525 2114 2132 2178 Pseudo-Victorem
2174 2116 2237 2176 et
2278 2113 2640 2199 Ampelium
2686 2117 2803 2191 20,

433 2204 534 2284 10.
581 2220 685 2302 28,
734 2222 771 2283 2
813 2221 1148 2303 Pontium,
1192 2220 1576 2285 Samnitium
1625 2221 1846 2284 ducem
1874 2224 1938 2283 et
1964 2219 2265 2283 Pontium
2291 2220 2797 2297 Telesinum,

430 2323 619 2388 Marii
665 2326 901 2389 socium
923 2373 937 2401 ,
986 2326 1154 2389 inter
1202 2348 1266 2389 se
1311 2326 1671 2390 confudisse
1716 2326 1841 2388 iam
1883 2347 2073 2409 supra
2112 2326 2202 2409 (p.
2232 2327 2346 2411 48)
2386 2328 2805 2410 exposuimus.

431 2429 668 2495 Omnes
745 2432 1117 2514 scriptores,
1192 2432 1303 2514 qui
1381 2431 1500 2496 hac
1579 2432 1656 2495 de
1718 2453 1785 2494 re
1850 2436 2156 2515 egerunt,
2224 2432 2587 2497 consulibus
2653 2432 2811 2495 insi-

397 2538 566 2601 ·dias
625 2540 900 2601 structas
963 2559 1094 2601 esse
1156 2538 1595 2614 tradiderunt3
1661 2526 1770 2620 qui
1832 2541 2042 2601 autem
2108 2536 2393 2600 homines
2448 2538 2517 2600 in
2563 2536 2812 2600 insidiis

431 2643 724 2708 collocati
770 2644 902 2708 sint
950 2667 1138 2709 nemo
1186 2645 1310 2708 nisi
1357 2645 1578 2709 Livius
1626 2645 1751 2721 IX,
1804 2646 1841 2707 2
1865 2692 1879 2721 ,
1936 2645 1975 2706 2
2023 2648 2086 2707 et
2132 2641 2630 2707 Pseudo-Victor
2669 2663 2807 2729 me·-

432 2748 721 2811 moravit.
788 2749 1009 2811 Livius
1070 2753 1286 2812 tamen
1351 2749 1544 2813 refert
1606 2750 1837 2814 milites
1898 2752 2109 2813 decem
2171 2751 2499 2832 pastorum
2542 2736 2808 2830 habitu,

431 2873 659 2936 pecora
703 2857 1066 2937 pascente8‚
1117 2857 1196 2917 ad
1245 2852 1591 2932 Calatiam,
1640 2855 1748 2919 ubi
1797 2855 2087 2919 Romana
2126 2857 2331 2918 castra
2376 2856 2617 2934 essent,
2662 2852 2813 2915 mis-

430 2980 531 3023 sos
593 2981 756 3035 esse,
835 2960 1001 3042 apud
1067 2960 1678 3025 Pseudo-Victorem
1740 2961 2010 3025 Pontius
2075 2960 2402 3025 simulatos
2444 2957 2815 3042 transfugas

430 3068 509 3129 ad
570 3065 892 3129 Romanos
952 3066 1176 3131 mittit.
1243 3066 1321 3129 In
1382 3066 1494 3144 iis,
1563 3089 1725 3151 quae
1771 3066 2284 3131 Pseudo-Victor
2331 3068 2407 3129 de
2450 3064 2605 3141 viis,
2654 3086 2817 3146 quae

429 3172 508 3233 ad
573 3170 908 3234 Luceriam
956 3170 1275 3248 ferebant,
1323 3171 1553 3249 tradit,
1604 3176 1739 3235 arte
1786 3172 2081 3236 cohaeret
2126 3193 2267 3235 cum
2316 3169 2500 3234 Livio
2549 3168 2685 3247 IX,
2736 3170 2773 3230 2
2797 3216 2813 3245 ,

428 3278 499 3340 6:
557 3275 803 3340 »altera
854 3277 1006 3361 (via)
1060 3281 1309 3360 praeter
1364 3297 1540 3340 oram
1590 3279 1801 3362 superi
1842 3278 2034 3341 maris
2077 3279 2301 3362 patens
2337 3279 2681 3365 apertaque
2706 3276 2816 3337 sed.

428 3385 742 3467 quanto
808 3384 1082 3446 tutior
1141 3385 1388 3446 tanto
1452 3382 1630 3447 fere
1680 3385 2058 3467 longior,
2108 3384 2305 3448 altera
2352 3404 2464 3465 per
2511 3381 2816 3445 Furculas

431 3486 746 3552 Caudinas
808 3487 1125 3551 brevior.”
1210 3486 1404 3571 Apud
1460 3489 1599 3552 Liv.
1651 3488 1783 3565 IX,
1838 3491 1897 3564 3,
1947 3488 2162 3552 Pontii
2209 3492 2425 3572 pater,
2476 3491 2816 3571 postquam

430 3593 529 3657 bis
594 3614 704 3676 per
773 3594 1070 3657 nuntium
1143 3594 1470 3658 consultus
1533 3596 1662 3670 est,
1730 3616 1767 3657 a
1823 3594 1954 3657 filio
2018 3593 2086 3656 in
2150 3594 2483 3657 consilium
2543 3593 2819 3669 accitur;

433 3698 601 3783 App.
654 3691 869 3765 Samn.
921 3698 1000 3765 fr.
1054 3702 1095 3763 4
1136 3703 1200 3763 et
1239 3700 1751 3764 Pseudo-Victor
1774 3705 2019 3785 patrem
2046 3699 2261 3763 statim
2290 3699 2659 3763 arcessitum
2684 3718 2818 3761 esse

431 3805 510 3869 ad
561 3808 1051 3888 exponendum,
1089 3806 1242 3889 quid
1290 3812 1609 3882 censeret,
1660 3806 1839 3870 nullo
1887 3806 2115 3870 nuntio
2166 3807 2246 3868 ad
2293 3826 2435 3869 eum
2477 3803 2843 3877 consulens

431 3913 580 3973 dum
638 3910 830 3974 misso
857 3958 872 3986 ‚
920 3910 1224 3974 referunt.
1273 3910 1494 3974 Multis
1542 3911 1753 3975 verbis
1799 3912 1939 3977 Liv.
1992 3912 2086 3977 IX
2109 3960 2124 3989 ,
2174 3910 2211 3974 5
2260 3909 2552 3994 exposuit
2594 3930 2815 3994 pacem

429 4016 784 4080 Caudinam
849 4037 1002 4092 non,
1072 4024 1147 4079 ut
1171 4016 1386 4100 -vulgo
1435 4016 1699 4081 credant
1744 4016 2171 4101 Claudiusque
2218 4016 2407 4081 etiam
2458 4014 2815 4098 scripserit,

426 4121 768 4185 foedere
840 4121 948 4184 sed
1011 4142 1124 4204 per
1190 4122 1729 4204 sponsionem
1792 4121 2026 4187 factam
2088 4146 2238 4188 esse.
2312 4120 2473 4186 Cum
2534 4120 2815 4183 Pseudo-

429 4226 691 4292 Victore
749 4225 881 4292 010.
949 4229 1027 4290 de
1088 4226 1214 4288 os1‘.·
1263 4226 1403 4301 ΙΙΙ,
1473 4229 1591 4305 30,
1668 4226 1815 4291 109.
1864 4226 1942 4291 de
1987 4228 2119 4292 inv.
2173 4229 2274 4305 II,
2327 4229 2450 4304 30,
2499 4225 2619 4302 91,
2669 4222 2814 4289 Val.

430 4330 598 4397 Max.
672 4331 798 4408 VI,
871 4333 946 4409 1,
1013 4333 1076 4410 9,
1142 4331 1303 4397 Gen.
1355 4330 1589 4417 XVII,
1642 4333 1763 4410 21,
1816 4333 1922 4411 36,
1967 4332 2135 4398 Flor.
2189 4334 2255 4412 I,
2310 4334 2428 4409 11,
2481 4332 2583 4409 12,
2636 4328 2817 4394 Oros.

424 4436 565 4514 III,
619 4437 736 4514 15,
792 4439 849 4513 7,
903 4437 1071 4522 App.
1123 4437 1339 4503 Samn.
1392 4440 1454 4515 4,
1507 4437 1660 4502 Zon.
1714 4438 1868 4517 VII,
1922 4440 2004 4502 26
2047 4440 2122 4503 de
2149 4439 2484 4504 foedere
2525 4435 2815 4503 Caudino
