3184 5342
1421 404 1506 467 93

261 589 554 653 tribunus
600 589 804 672 plebis
826 636 840 665 ,
883 587 1201 672 interrege
1244 587 1458 673 Appio
1499 586 1739 665 ancO,
1783 588 2021 650 diserto
2059 585 2351 662 homine,
2390 586 2647 649 comitia

265 698 486 759 contra
545 694 716 779 leges
779 694 1089 771 habente,
1157 716 1300 758 cum
1349 697 1427 757 de
1466 693 1653 777 plebe
1698 692 2024 757 consulem
2075 713 2208 755 non
2258 691 2642 773 accipiebat,

267 805 472 884 patres
533 804 684 864 ante
745 812 1032 865 auctores
1093 800 1231 863 fieri
1293 800 1637 884 coegerit”.
1704 798 1918 863 Livius
1966 799 2064 874 X,
2120 798 2196 859 11
2225 844 2239 873 ,
2292 797 2353 875 9,
2402 796 2522 860 hac
2570 798 2647 860 de

270 928 332 969 re
377 907 540 970 nihil
590 907 892 983 tradidit,
942 907 1110 990 apud
1159 928 1346 989 quem
1395 927 1528 969 non
1569 905 1818 990 Appius
1859 905 2163 969 Claudius
2186 905 2496 981 interrex,
2540 906 2647 967 sed

269 1034 583 1077 successor
645 1014 778 1077 eius
799 1061 814 1088 ,
877 1012 948 1075 P.
1013 1011 1360 1095 SulpiciuS,
1427 1012 1684 1075 comitia
1732 1012 2090 1075 consularia
2142 1011 2355 1075 habet.
2407 1008 2650 1073 Deinde

268 1118 339 1181 (J.
403 1119 687 1182 Licinius
750 1118 962 1181 Macer
1026 1120 1092 1181 et
1151 1116 1223 1191 Q.
1291 1117 1511 1181 Aelius
1573 1117 1824 1181 Tubero
1876 1118 2045 1200 apud
2094 1116 2229 1182 Liv.
2283 1118 2381 1194 X,
2436 1118 2513 1194 9,
2567 1117 2648 1179 10

266 1224 536 1288 Fabium
600 1224 722 1288 hoc
772 1246 943 1287 anno
992 1222 1257 1287 aedilem
1305 1222 1499 1287 fuisse
1546 1222 1865 1299 referunt,
1914 1223 2016 1300 id,
2066 1224 2235 1307 quod
2283 1222 2501 1287 Livius
2551 1222 2647 1299 X,

273 1331 349 1408 9,
403 1331 486 1394 13
535 1351 794 1414 prorsus
841 1334 1061 1413 negat.

365 1436 625 1500 Praeter
671 1436 1275 1501 Pseudo-Victorem
1323 1460 1490 1500 unus
1531 1437 1753 1501 Festus
1794 1459 1843 1501 8.
1873 1459 1926 1500 v.
1958 1436 2171 1500 Tifata
2195 1436 2459 1501 Curium
2484 1440 2653 1520 apud

275 1541 550 1605 Tifatam
605 1546 862 1607 domum
909 1543 1202 1614 habuisse
1248 1544 1466 1606 tradit.
1508 1542 1989 1626 Quinquaginta
2026 1543 2246 1624 iugera
2284 1543 2424 1626 agri
2462 1544 2653 1609 Curio

272 1649 527 1731 publice
594 1650 744 1712 data
811 1671 944 1714 esse
1005 1650 1124 1714 soli
1187 1649 1698 1713 Pseudo-Victor
1760 1652 1825 1711 et
1879 1647 2026 1713 Val.
2074 1648 2241 1712 Max.
2295 1648 2426 1726 IV,
2480 1652 2541 1727 3,
2593 1649 2654 1725 5,

272 1755 622 1819 manifestis
672 1755 878 1819 verbis
925 1759 1379 1832 narraverunt,
1427 1755 1651 1820 Front.
1700 1754 1895 1820 Strat.
1945 1754 2069 1827 IV,
2125 1758 2201 1832 3,
2247 1756 2327 1819 12
2356 1758 2566 1819 autem
2593 1759 2657 1819 et

274 1861 440 1925 Plin.
489 1860 639 1925 Nat.
693 1860 866 1925 Hist.
917 1860 1177 1939 XVIII,
1232 1862 1312 1925 18
1362 1862 1429 1923 id
1476 1884 1609 1927 non
1656 1861 1981 1945 ignorasse
2040 1862 2355 1925 videntur.

367 2074 578 2159 Caput
655 2075 968 2139 XXXIV.
1052 2076 1197 2138 Hoc
1263 2074 1468 2157 capite
1531 2072 2031 2137 Pseudo-Victor
2094 2073 2653 2158 neglegentissime

279 2202 436 2263 quae
506 2181 670 2245 facta
731 2186 881 2245 sunt
926 2182 1235 2264 exposuit.
1292 2180 1425 2244 Iam
1472 2181 1611 2263 ipso
1662 2180 1887 2263 capitis
1934 2180 2120 2243 initio
2171 2199 2444 2243 errorem
2494 2202 2657 2244 com-

276 2287 449 2349 misit
470 2333 485 2363 ,
547 2288 657 2351 ubi
718 2288 1048 2351 libertinos
1112 2286 1192 2350 ab
1258 2286 1469 2370 Appio
1527 2307 1784 2350 censore
1831 2286 1900 2349 in
1948 2288 2235 2349 senatum
2284 2286 2480 2351 lectos
2527 2310 2659 2352 esse

275 2396 513 2455 narrat.
597 2392 820 2455 Livius
889 2392 1026 2469 IX,
1091 2395 1211 2471 46,
1282 2395 1362 2457 10
1446 2398 1509 2457 et
1591 2392 1774 2458 Diod.
1842 2391 1965 2457 Sic.
2032 2392 2199 2467 XX,
2268 2394 2350 2456 36
2413 2393 2661 2458 liberti-

274 2522 507 2563 norum
554 2498 788 2561 liberos
837 2506 1222 2583 memorant3
1272 2500 1444 2566 Suet.
1498 2498 1719 2565 Claud.
1773 2501 1857 2562 24
1910 2500 2355 2563 libertinorum
2398 2504 2661 2584 nepotes

275 2604 348 2667 in
420 2609 710 2667 senatum
757 2605 954 2668 lectos
1002 2626 1135 2668 esse
1179 2606 1402 2687 refert,
1453 2606 1888 2689 »temporibus
1936 2606 2104 2669 0111111
2155 2606 2328 2689 Appi
2375 2611 2438 2670 et
2483 2607 2658 2670 dein-

260 2733 414 2795 ceps
473 2711 845 2795 aliquandiu
905 2710 1240 2775 libertinos
1301 2712 1500 2776 dictos
1561 2735 1693 2776 non
1747 2713 1917 2795 ipsos
1942 2761 1956 2790 ,
2004 2712 2114 2795 qui
2162 2735 2355 2775 manu
2403 2712 2655 2776 emitte-

257 2820 521 2895 rentur,
583 2821 691 2881 sed
745 2818 1061 2901 ingenuos
1126 2840 1203 2881 ex
1251 2818 1350 2881 his
1397 2820 1784 2901 procreatis”
1835 2822 2172 2883 asseverat.
2234 2818 2325 2884 At
2373 2819 2655 2884 Pseudo-

260 2923 496 3015 Victor
559 2923 726 2987 hanc
789 2923 1323 3006 significationem
1386 2926 1516 2989 eius
1581 2926 1757 2989 verbi
1818 2946 2124 3008 cognosse
2175 2948 2307 2987 non
2374 2926 2653 3003 videtur,

260 3022 567 3093 omnibus
637 3030 808 3092 enim
876 3030 1063 3111 locis,
1130 3031 1239 3115 ubi
1303 3031 1378 3094 de
1426 3030 1741 3094 libertinis
1788 3031 1927 3113 agit
1973 3032 2108 3116 (32,
2162 3031 2222 3095 2.
2278 3032 2382 3108 36,
2435 3034 2493 3094 3.
2550 3032 2655 3108 57,

268 3137 324 3197 3.
386 3135 491 3212 72,
545 3133 634 3219 5),
685 3134 806 3199 hoc
853 3136 1110 3199 nomine
1158 3157 1261 3200 eos
1309 3136 1627 3220 appellat,
1674 3136 1785 3219 qui
1831 3137 1951 3221 ipsi
2010 3159 2204 3200 manu
2268 3136 2443 3199 missi
2484 3139 2655 3200 sunt.

359 3241 648 3325 Appium
746 3242 1114 3305 tibicinibus
1194 3241 1494 3325 epulandi
1569 3243 2075 3325 decantandique
2161 3243 2261 3305 ius
2349 3242 2655 3305 ademisse

266 3346 784 3412 Pseudo-Victor
833 3350 1072 3411 narrat.
1124 3346 1218 3412 De
1266 3348 1482 3411 eadem
1531 3370 1599 3411 re
1647 3352 1915 3432 egerunt
1962 3347 2100 3412 Liv.
2129 3347 2243 3425 IX,
2277 3349 2383 3425 30,
2415 3347 2476 3411 5.
2504 3370 2662 3432 seq.,

267 3453 407 3517 Val.
477 3452 648 3517 Max.
712 3453 802 3531 II,
873 3453 933 3536 5,
1000 3454 1057 3538 4,
1149 3452 1281 3533 Ov„
1327 3453 1498 3519 Fast.
1564 3454 1684 3531 VI,
1748 3455 2125 3530 649-710,
2179 3454 2355 3519 Plut.
2404 3453 2657 3529 Quaest.

265 3558 457 3623 Rom.
509 3559 615 3623 55.
664 3558 732 3624 Si
778 3560 970 3624 verba
1019 3560 1130 3623 »in
1179 3560 1479 3644 publico”
1532 3563 1613 3623 ad
1662 3562 1961 3645 epulandi
2012 3562 2112 3624 ius
2158 3582 2412 3644 quoque
2459 3562 2657 3645 perti-

271 3669 465 3741 nent,
510 3668 680 3729 errat
726 3665 1268 3743 Pseudo-Victor,
1319 3688 1466 3729 nam
1517 3688 1594 3729 ex
1641 3666 1821 3731 Livio
1867 3670 1932 3731 et
1977 3668 2123 3732 Val.
2177 3668 2353 3732 Max.
2383 3668 2475 3734 l.l.
2504 3690 2658 3733 con-

276 3773 409 3833 stat
455 3792 556 3835 008
599 3772 669 3835 111
710 3773 862 3837 aede
904 3773 1073 3837 Iovis
1117 3793 1339 3836 cenare
1381 3771 1599 3836 solitos
1639 3794 1771 3836 esse
1813 3772 1935 3851 (Of.
1979 3772 2166 3839 Gens.
2218 3775 2295 3839 de
2320 3776 2419 3838 die
2445 3780 2577 3839 nat.
2606 3796 2655 3838 c.

280 3876 411 3961 12).
461 3877 600 3941 Liv.
651 3880 715 3940 et
761 3877 902 3942 Val.
957 3878 1123 3942 Max.
1173 3881 1438 3941 narrant
1472 3878 1548 3941 iis
1589 3878 1687 3942 ius
1727 3880 1981 3942 tantum
2024 3880 2094 3942 in
2120 3880 2275 3943 aede
2306 3880 2475 3944 Iovis
2501 3902 2657 3962 epu-

273 3984 456 4048 landi
505 3985 873 4068 ademptum
922 4007 1090 4061 esse3
1139 3987 1364 4049 contra
1413 3983 1591 4049 Ovid.
1646 3984 1737 4048 l.l.
1784 3986 1908 4049 661
1965 3985 2079 4049 has
2108 3986 2445 4051 tibicinum
2488 3985 2661 4049 exilii

273 4111 500 4153 causas
546 4090 777 4155 tradit:

1649 4201 2070 4284 »tempusque
2110 4205 2395 4266 secutum

735 4304 916 4381 Quod
961 4304 1173 4371 subito
1223 4304 1449 4371 Graiae
1495 4305 1821 4389 frangeret
1867 4307 2022 4371 artis
2071 4328 2251 4390 opuS.

652 4413 838 4478 Adde
879 4416 1051 4497 quod
1098 4412 1318 4477 aedilis
1337 4464 1352 4492 ,
1398 4432 1703 4496 pompam
1748 4412 1860 4495 qui
1905 4413 2148 4477 funeris
2196 4413 2387 4491 irent,

737 4519 1034 4585 Artifices
1082 4520 1248 4585 solos
1292 4519 1562 4583 iusserat
1608 4540 1738 4583 esse
1794 4518 2074 4584 decem’'.
