3184 5342
1398 407 1482 470 33

246 591 561 657 »trecenti
622 592 773 655 sex”
835 589 929 654 ita
989 589 1278 674 intellegi
1340 609 1557 674 posse,
1603 587 1932 654 -Nostrum
1972 610 2305 654 numerum
2344 608 2629 652 commu-

240 698 346 762 nis
412 695 614 762 fontis
684 697 1092 782 rotundasse3
1160 695 1462 780 quoniam
1525 699 1737 760 autem
1803 695 2124 760 contraria
2183 716 2282 762 res
2329 694 2417 759 sit
2432 742 2449 773 ,
2497 716 2632 761 non

188 887 193 892 ⁵
241 804 514 890 eogitari
558 825 740 889 posse
786 825 825 867 a
869 803 1074 868 tribus
1121 802 1261 887 pari
1306 801 1572 867 consilio
1620 802 2036 867 rotundatum
2053 823 2070 880 ;
2121 822 2196 866 ac
2238 823 2321 866 ne
2345 801 2468 867 hoc
2491 801 2635 887 qui-

241 911 384 974 dem
441 910 574 974 veri
642 908 845 974 simile
905 931 1039 974 esse
1096 908 1361 992 proprio
1424 907 1687 972 consilio
1737 907 2048 973 Nostrum
2094 907 2414 992 scripsisse
2461 911 2634 973 »tre-

240 1017 412 1082 centi
458 1016 611 1082 sex'’
662 1017 753 1102 (p.
806 1016 942 1093 28.)
989 1014 1131 1099 Ego
1181 1018 1405 1079 contra
1442 1015 1511 1079 in
1533 1015 1648 1093 iis,
1675 1036 1838 1100 quae
1863 1014 2351 1079 Rosenhauerus
2376 1015 2599 1079 attulit
2617 1061 2634 1091 ,

239 1127 623 1208 argumenta
682 1124 889 1187 inesse
943 1125 1103 1206 puto
1117 1169 1135 1199 ,
1184 1121 1416 1205 quibus
1462 1121 1782 1185 sententia
1821 1120 1954 1186 eius
2000 1120 2334 1186 refutetur.
2381 1119 2551 1186 Nam
2599 1143 2634 1185 e

238 1231 331 1300 rei
375 1233 610 1295 natura
656 1229 943 1314 sequitur
990 1233 1062 1292 ut
1105 1226 1608 1293 Pseudo-Victor
1630 1275 1646 1306 ,
1695 1226 1806 1312 qui
1852 1227 1930 1291 de
1978 1226 2322 1301 Fabiorum
2377 1227 2634 1312 expedi-

239 1337 418 1402 tione
464 1336 755 1421 pluribus
802 1335 1009 1400 verbis
1061 1335 1294 1420 egerit,
1345 1356 1681 1399 numerum
1732 1334 1944 1418 ipsum
1990 1334 2324 1399 tradiderit
2345 1381 2362 1413 ,
2407 1333 2635 1399 Florus

241 1447 457 1508 autem
477 1491 492 1522 ,
580 1442 911 1527 Ampelius
931 1488 947 1519 ,
1020 1441 1343 1506 Iuvenalis
1413 1439 1806 1520 Scholiasta,
1884 1441 2102 1525 paucis
2173 1443 2426 1506 tantum
2495 1461 2634 1505 eam

244 1573 376 1614 rem
440 1552 773 1614 narrantes
788 1597 803 1626 ,
866 1570 1204 1613 numerum
1270 1549 1635 1613 summatim
1699 1548 2317 1632 comprehenderint.
2389 1546 2636 1613 Deinde

243 1656 731 1721 Rosenhauerus
750 1703 766 1733 ,
814 1657 983 1739 quod
1032 1654 1218 1719 multi
1263 1654 1389 1719 loci
1436 1655 1608 1738 apud
1654 1653 2266 1719 Pseudo-Victorem
2313 1653 2480 1732 sint,
2523 1653 2637 1720 ubi

125 1839 129 1844 ,
240 1785 382 1828 611111
420 1762 678 1827 Valerio
722 1761 1007 1826 Maximo
1048 1763 1398 1846 congruat,
1432 1760 1761 1825 Valerium
1803 1762 2019 1824 autem
2044 1759 2396 1825 Maximum
2423 1783 2634 1826 exem-

241 1871 494 1955 plorum
533 1869 732 1934 libros
780 1872 1069 1934 secutum
1114 1889 1248 1933 esse
1293 1869 1429 1934 veri
1474 1866 1678 1932 simile
1727 1866 1843 1946 sit,
1896 1881 2041 1932 e‘um
2084 1889 2462 1933 consensum
2484 1867 2637 1931 inde

241 1979 452 2041 ortum
518 1997 653 2040 esse
715 1979 933 2060 putat,
1000 1976 1169 2059 quod
1229 1976 1495 2059 uterque
1559 1995 1638 2037 ex
1703 1973 1928 2038 iisdem
1975 1973 2410 2059 exemplorum
2456 1973 2638 2038 libris

245 2082 519 2166 Nepotis
568 2085 679 2146 aut
724 2080 980 2166 Hygini
1025 2081 1323 2165 pendeat.
1393 2079 1706 2144 Attamen
1750 2079 1829 2144 iis
1873 2080 2028 2146 locis
2048 2127 2064 2158 ,
2113 2081 2343 2166 quibus
2389 2079 2638 2146 Rosen-

240 2187 517 2252 hauerus
562 2186 1170 2253 Pseudo-Victorem
1208 2209 1354 2252 cum
1390 2185 1652 2251 Valerio
1682 2185 1963 2271 Maximo
1989 2186 2348 2251 consentire
2372 2189 2637 2252 demon-

245 2295 476 2360 stravit
493 2342 510 2373 ,
560 2294 739 2359 nulla
779 2294 1045 2379 vestigia
1084 2293 1448 2378 Nepotiana
1486 2297 1602 2358 aut
1640 2292 2015 2378 Hyginiana
2051 2294 2382 2358 ostendere
2404 2293 2637 2378 potuit.

248 2399 374 2464 Sed
434 2400 682 2464 etiamsi
742 2423 875 2466 non
922 2400 1383 2484 investigamus
1428 2421 1666 2464 nomen
1708 2399 1840 2464 eius
1885 2401 2319 2485 exemplorum
2367 2400 2641 2485 scripto-

248 2505 339 2570 ris
358 2553 374 2584 ,
430 2508 710 2571 attamen
756 2528 887 2571 non
936 2507 1092 2572 satis
1136 2505 1337 2572 firmis
1388 2506 1781 2592 argumentis
1827 2506 2262 2572 demonstrare
2306 2527 2640 2590 possumus

249 2612 679 2697 exemplorum
739 2613 974 2678 librum
1038 2637 1077 2678 a
1138 2613 1682 2680 Pseudo-Victore
1741 2617 2119 2699 usurpatum
2178 2634 2331 2681 esse.
2405 2612 2640 2679 Omnes

248 2718 679 2803 exemplorum
740 2720 893 2783 libri
953 2719 1254 2784 historias
1302 2722 1402 2786 vel
1447 2721 1610 2786 vitas
1655 2742 1774 2805 pro
1821 2721 2125 2806 primario
2171 2720 2352 2786 fonte
2398 2721 2642 2787 habue-

247 2825 383 2888 rint
428 2847 680 2891 necesse
726 2829 841 2890 est.
894 2824 1255 2892 Consensus
1302 2827 1501 2912 igitur
1547 2826 2112 2894 Pseudo-Victoris
2157 2851 2305 2894 cum
2351 2829 2605 2895 Valerio
2625 2877 2641 2909 ,

248 2931 304 2998 si
349 2931 428 2996 iis
472 2933 632 2997 locis
653 2981 669 3011 ,
719 2933 833 2997 11111
878 2955 1023 2998 611111
1071 2933 1185 2998 1110
1233 2935 1535 3018 congruit
1552 2981 1568 3012 ,
1610 2956 1686 3000 ex
1730 2935 2162 3020 exemplorum
2209 2935 2376 3000 libro
2413 2936 2641 3002 hause-

250 3036 340 3103 rit
387 3075 467 3086 —
518 3039 586 3102 id
632 3040 804 3123 quod
848 3040 1119 3123 probare
1166 3062 1297 3105 non
1353 3061 1688 3125 possumus
1716 3078 1796 3090 -
1824 3041 1976 3105 111(16
2015 3042 2192 3105 ortus
2239 3062 2372 3106 esse
2395 3044 2640 3125 potest,

252 3145 424 3228 quod
487 3144 994 3211 Pseudo-Victor
1055 3147 1276 3211 eodem
1339 3146 1751 3210 historiarum
1812 3148 1913 3212 vel
1959 3147 2234 3212 vitarum
2282 3147 2447 3212 libro
2495 3171 2644 3214 usus

262 3253 360 3315 est
378 3296 394 3328 ,
468 3272 501 3314 e
570 3251 801 3335 quibus
870 3253 1299 3338 exemplorum
1368 3252 1518 3318 libri
1535 3301 1552 3332 ,
1623 3274 1783 3337 quos
1850 3252 2145 3319 Valerius
2213 3256 2465 3320 secutus
2511 3261 2608 3322 est
2627 3303 2644 3337 ‚

256 3356 604 3422 fluxerunt.

347 3462 571 3548 Neque
641 3487 715 3529 ea
785 3467 1194 3550 argumenta,
1264 3488 1427 3551 quae
1498 3466 1986 3533 Rosenhauerus
2054 3489 2131 3533 ex
2192 3468 2418 3532 ordine
2437 3515 2454 3546 ,
2517 3490 2648 3553 quo

253 3569 761 3636 Pseudo-Victor
820 3572 1114 3657 neglecta
1174 3574 1479 3658 temporis
1523 3575 1774 3641 ratione
1821 3575 2138 3639 nonnulla
2178 3574 2392 3659 capita
2438 3575 2638 3660 scrip-

251 3674 372 3752 sit,
419 3675 805 3762 desumpsit,
854 3679 1075 3762 magni
1122 3679 1519 3744 aestimanda
1566 3684 1735 3745 sunt.
1786 3680 2139 3746 Contendit
2183 3681 2355 3744 enim
2407 3686 2642 3768 »caput

260 3783 347 3845 14
400 3782 610 3867 (Fabii
658 3783 929 3848 trecenti
980 3785 1116 3866 sex)
1156 3787 1335 3848 extra
1374 3785 1663 3850 ordinem
1702 3787 1880 3850 iuxta
1911 3785 2288 3872 Horatium,
2333 3787 2635 3873 Mucium,

256 3887 560 3954 Cloeliam
609 3891 890 3974 positum
938 3913 1071 3956 esse
1089 3938 1106 3968 ‚
1146 3892 1317 3974 quod
1365 3893 1567 3975 petita
1615 3893 1748 3956 sint
1791 3915 1826 3957 6
1863 3893 2029 3957 libro
2071 3894 2505 3978 exemplorum
2523 3943 2538 3973 ,
2569 3896 2638 3961 in

256 4017 382 4079 quo
449 4001 754 4081 quattuor
784 3997 910 4063 ¹illa
956 3997 1223 4062 eximiae
1267 3997 1667 4064 fortitudinis
1715 3999 2004 4085 exempla
2048 4001 2441 4066 coniunctim
2488 4025 2638 4088 pro-

254 4101 463 4186 posita
520 4103 799 4168 essent.'’
870 4103 963 4168 At
1005 4103 1163 4167 haec
1209 4105 1530 4178 sententia
1577 4127 1753 4170 mera
1790 4107 2156 4171 coniectura
2194 4107 2456 4186 nititnr3
2503 4108 2637 4173 Va-

262 4209 456 4273 lerius
518 4209 835 4275 Maximus
908 4211 1129 4274 saltem
1151 4257 1166 4288 ,
1239 4211 1349 4295 qui
1416 4211 1608 4296 plane
1677 4214 1754 4278 de
1821 4213 2035 4279 Fabiis
2104 4218 2309 4293 tacet,
2375 4213 2453 4277 de
2499 4214 2639 4280 Ho-

252 4314 420 4379 ratio
490 4313 732 4382 Coclite
795 4320 862 4382 et
920 4314 1163 4381 Cloelia
1211 4317 1381 4401 agit,
1428 4317 1541 4382 ubi
1595 4318 2035 4384 »fortitudinis
2080 4321 2404 4406 exempla”
2444 4343 2639 4406 expo-

252 4422 356 4486 nit
401 4421 528 4508 (III
546 4468 565 4501 ,
616 4423 657 4488 2
678 4470 694 4502 ,
748 4423 806 4487 1.
860 4423 963 4507 2),
1012 4426 1239 4488 contra
1290 4424 1756 4509 »patientiam'’
1810 4425 2008 4491 Mucii
2044 4426 2384 4492 Scaevolae
2421 4428 2645 4493 laudat

254 4526 414 4615 (ΙΙΙ,
467 4531 540 4610 3,
596 4531 681 4616 1).
729 4528 955 4615 Neque
1004 4533 1200 4614 caput
1249 4531 1334 4594 20
1380 4530 1694 4618 (Licinius
1733 4531 1939 4621 Stolo)
1979 4537 2159 4610 extra
2194 4535 2500 4620 temporis
2533 4557 2640 4601 or-

2273 4658 2304 4706 3
