3184 5342
1416 393 1501 458 59

277 603 409 646 esse
452 581 719 647 videtur.
765 580 859 644 De
904 580 1211 644 librorum
1263 599 1560 654 numero,
1611 599 1799 662 quem
1846 580 2098 641 tantum
2147 575 2453 656 Hemina,
2484 574 2654 651 Piso,

271 687 469 750 Varro
544 675 786 752 diverse
854 689 1154 763 tradunt,
1230 707 1310 748 ne
1375 685 1567 748 verbo
1631 685 1887 769 quidem
1949 684 2088 768 agit
2132 680 2652 746 Pseudo-Victor.

272 793 477 869 Quam
540 794 622 858 ob
683 816 815 857 rem
878 792 1207 856 diiudicari
1263 813 1393 854 non
1457 793 1702 875 potest,
1768 791 1944 854 cuius
1991 790 2221 853 horum
2269 787 2649 870 scriptorum

272 899 543 982 vestigia
612 899 779 982 apud
858 896 1457 962 Pseudo-Victorem
1528 897 1962 961 inveniantur.
2035 894 2252 958 Livius
2303 915 2465 977 quae
2512 891 2651 968 XL,

268 1005 356 1069 29
421 1005 539 1066 hac
601 1006 679 1067 de
742 1026 808 1067 re
869 1003 1092 1066 attulit
1151 1025 1229 1066 ex
1277 1003 1401 1066 alio
1450 1001 1630 1066 fonte
1678 1024 1751 1065 ac
1800 999 2304 1065 Pseudo-Victor
2351 998 2648 1080 desump-

269 1109 369 1173 sit.
436 1109 556 1173 Sed
627 1109 783 1173 haec
850 1112 1103 1173 nostrae
1159 1108 1555 1172 coniecturae
1604 1109 1680 1171 de
1742 1107 1910 1171 Livii
1971 1109 2035 1170 et
2065 1103 2652 1184 „Pseudo-Victoris

267 1215 336 1278 in
386 1215 636 1280 Numae
684 1217 817 1278 vita
862 1213 1182 1278 communi
1222 1213 1401 1278 fonte
1441 1213 1930 1298 haudquaquam
1972 1212 2266 1286 obstant;
2296 1209 2455 1272 nihil
2482 1209 2650 1273 enim

208 1324 363 1384 “est
424 1341 534 1383 cur
581 1324 875 1404 putemus
920 1319 1169 1383 Livium
1218 1341 1326 1394 ea,
1378 1341 1539 1402 quae
1586 1319 1703 1382 hac
1751 1320 1828 1382 de
1872 1341 1938 1383 re
1985 1319 2054 1381 in
2101 1318 2264 1381 libro
2314 1315 2428 1379 XL
2476 1317 2651 1379 attu-

267 1425 413 1489 lerit
436 1473 451 1502 ‚
516 1447 593 1488 ex
656 1426 874 1490 eodem
922 1425 1103 1488 fonte
1150 1424 1465 1500 hausisse,
1515 1446 1704 1508 quem
1751 1425 1818 1487 in
1867 1424 2118 1488 Numae
2167 1423 2298 1487 vita
2345 1421 2652 1485 tradenda

266 1531 645 1596 adhibuerit.

365 1636 651 1701 Vidimus
716 1636 1315 1702 Pseudo-Victorem
1379 1636 1448 1699 111
1517 1636 1630 1712 116,
1695 1657 1856 1720 quae
1919 1636 1994 1698 de
2038 1634 2289 1699 Numae
2337 1636 2542 1697 morte
2588 1636 2654 1696 et

273 1741 452 1806 libris
498 1743 866 1817 tradiderit,
918 1764 1061 1805 cum
1110 1739 1458 1825 Calpurnio
1498 1741 1730 1806 Pisone
1755 1763 2120 1824 congruere.
2170 1739 2414 1804 Deinde
2437 1737 2654 1802 Livius

274 1849 521 1912 duobus
568 1849 758 1926 10616,
807 1848 919 1912 11111
965 1848 1042 1911 de
1087 1847 1243 1910 Iano
1293 1846 1417 1931 (Cf.
1466 1847 1593 1912 Pis.
1645 1848 1814 1931 apud
1865 1841 2040 1912 Varr.
2090 1848 2167 1910 de
2205 1845 2362 1928 ling.
2413 1845 2526 1908 lat.
2583 1843 2652 1920 V,

276 1954 431 2039 165)
479 1957 546 2017 et
590 1955 666 2018 de
712 1953 863 2017 Iove
908 1953 1106 2016 Elicio
1154 1952 1280 2036 (Of.
1332 1953 1458 2016 Pis.
1510 1956 1678 2036 apud
1727 1953 1895 2016 Plin.
1945 1951 2092 2016 Nat.
2149 1950 2314 2016 Hist.
2365 1949 2454 2029 ΙΙ,
2499 1950 2652 2034 140)

227 2110 229 2112 ,
272 2059 447 2142 agit,
496 2081 638 2123 cum
687 2059 919 2122 Pisone
953 2059 1273 2124 convenit.
1314 2058 1490 2122 Num
1530 2058 1830 2122 audacius
1870 2061 1969 2122 est
1994 2057 2279 2121 conicere
2317 2056 2422 2119 1116
2468 2056 2650 2118 11111111

272 2163 443 2227 Livii
505 2169 567 2227 et
627 2164 1186 2228 Pseudo-Victoris
1252 2159 1651 2227 communem
1708 2162 1952 2226 fontem
2003 2161 2421 2245 Calpurnium
2471 2159 2653 2223 Piso-

270 2291 418 2332 nem
467 2273 644 2333 esse‘?

364 2485 578 2568 C‘aput
637 2482 752 2548 IV.
802 2483 974 2558 Quae
1036 2483 1157 2547 hoc
1219 2483 1423 2566 capite
1486 2485 1862 2558 traduntur,
1936 2481 2248 2544 artissime
2314 2479 2654 2543 cohaerent

274 2613 411 2654 cum
476 2589 587 2662 iis,
654 2611 815 2672 quae
876 2589 1092 2652 Livius
1155 2592 1231 2652 de
1295 2588 1493 2651 Tullo·
1533 2587 1810 2651 Hostilio
1857 2586 2122 2650 rettulit.
2177 2585 2439 2668 Omnia,
2491 2605 2653 2668 quae

272 2694 779 2759 Pseudo-Victor
820 2695 895 2758 de
942 2694 1063 2757 hoc
1111 2714 1258 2777 rege
1306 2693 1557 2775 attulit,
1610 2695 1777 2776 apud
1815 2690 2066 2754 Livium
2117 2711 2368 2774 quoque
2414 2689 2651 2753 inveni-

269 2804 485 2864 untur.
538 2798 801 2864 Duobus
847 2803 1099 2863 tantum
1147 2799 1304 2863 locis
1349 2797 1862 2862 Pseudo-Victor
1899 2819 1938 2860 a
1966 2795 2146 2860 Livio
2172 2795 2508 2879 discrepat.
2535 2796 2652 2859 Al-

271 3073 377 3110 una
429 3060 637 3110 tantum
688 3056 811 3126 egit.
870 3055 975 3110 Sed
1030 3055 1235 3110 etiamsi
1288 3055 1345 3109 in
1400 3055 1656 3109 librorum
1709 3072 1926 3108 numero
1975 3053 2234 3107 tradendo
2282 3051 2498 3115 Livium
2535 3069 2654 3106 cum

276 3141 468 3196 Pisone
516 3158 803 3211 congruere
852 3139 999 3194 facile
1050 3141 1281 3194 concedo
1295 3185 1311 3208 ,
1348 3140 1453 3195 duo
1489 3138 1639 3195 nobis
1676 3139 1888 3194 obstant
1926 3158 1992 3193 ne
2028 3138 2082 3193 in
2117 3138 2319 3208 reliqua
2355 3138 2656 3192 narratione

272 3227 519 3282 Pisonem
570 3226 637 3280 ab
687 3243 749 3279 60
797 3225 1085 3280 adhibitum
1140 3244 1253 3280 esse
1301 3232 1565 3296 putemne.
1629 3225 1866 3279 Primum
1917 3225 2018 3278 iam
2076 3225 2204 3279 Piso
2251 3224 2472 3280 tradidit
2520 3225 2656 3279 inter

270 3312 433 3368 libros
481 3311 989 3384 Pythagoricos
1015 3311 1207 3378 fuisse,
1244 3311 1427 3366 Livius
1467 3311 1656 3382 igitur,
1692 3311 1735 3365 si
1771 3311 2014 3365 Pisonem
2050 3330 2143 3382 pro
2180 3311 2326 3366 fonte
2359 3310 2656 3377 habuisset,

267 3419 377 3454 non
413 3398 569 3452 huius
621 3397 696 3452 rei
736 3397 1010 3452 Antiatem
1048 3402 1321 3452 auctorem
1360 3397 1625 3452 laudasset
1660 3397 1902 3468 („Adicit
1921 3398 2110 3452 Antias
2132 3397 2374 3452 Valerius
2394 3398 2658 3470 Pythago-

267 3485 405 3540 ricos
466 3485 627 3539 fuisse
693 3485 938 3556 vulgatae
1002 3484 1264 3556 opinioni,
1320 3503 1422 3554 qua
1474 3484 1706 3540 creditur
1762 3485 2098 3557 Pythagorae
2151 3485 2447 3539 auditorem
2501 3485 2660 3539 fuisse

268 3574 530 3638 Numam,
592 3571 864 3626 mendacio
917 3571 1184 3642 probabili
1236 3572 1632 3626 accommodata
1684 3571 1879 3640 fide.’').
1937 3571 2142 3625 Deinde
2191 3571 2316 3625 satis
2364 3569 2658 3625 luculenter

267 3658 471 3712 Plinius
525 3657 838 3712 memoravit
889 3657 1133 3712 Pisonem
1183 3675 1401 3711 numero
1450 3656 1704 3711 librorum
1759 3661 1978 3727 excepto
2027 3675 2146 3712 cum
2198 3655 2379 3710 Cassio
2433 3656 2659 3710 Hemina

268 3761 592 3816 congruere,
646 3743 737 3813 qui
786 3743 852 3797 de
902 3762 1008 3797 una
1060 3747 1269 3797 tantum
1307 3743 1486 3798 arcula
1524 3743 1838 3798 mentionem
1878 3743 2004 3798 facit
2041 3747 2093 3812 (‚,
2095 3742 2239 3796 Hoc
2284 3741 2458 3797 idem
2496 3741 2661 3796 tradit

254 3830 399 3889 ,Piso
456 3831 575 3884 cet?
580 3830 620 3899 ')
674 3833 729 3884 et
778 3829 923 3884 nulla
976 3833 1055 3884 est
1103 3847 1259 3884 causa
1304 3847 1398 3884 cur
1435 3829 1593 3884 Plinii
1628 3829 1788 3885 verba
1823 3829 1898 3883 ita
1944 3828 2334 3926 intellegamUS,
2383 3831 2446 3882 ut
2495 3827 2661 3892 „nihil

276 3915 419 3970 aliud
476 3915 774 3987 significent
828 3916 931 3970 nisi
978 3915 1191 3970 eandem
1242 3934 1350 3970 rem
1399 3916 1647 3970 Pisonem
1695 3916 1932 3982 tradere,
1980 3885 2191 3969 minime
2228 3918 2404 3970 autem
2447 3913 2659 3980 eodem,

282 4019 388 4070 quo
439 4001 653 4056 Cassius
702 4002 935 4056 Hemina
983 4001 1289 4069 tradiderit,
1340 3985 1511 4057 modo,
1517 4001 1550 4025 '’
1609 4003 1851 4057 Ceterum
1891 4001 1946 4056 in
1981 4002 2080 4058 hac
2117 4001 2420 4072 quaestione
2456 3991 2664 4055 Hildes-

278 4085 582 4142 heimerus
598 4088 696 4142 sibi
734 4091 975 4143 constare
1012 4107 1119 4142 non
1154 4089 1393 4156 videtur,
1430 4107 1550 4142 nam
1587 4107 1706 4160 pag.
1748 4091 1814 4142 66
1869 4089 2082 4143 Livium
2117 4089 2217 4144 1106
2252 4089 2366 4144 1060
2404 4089 2487 4143 vel
2527 4088 2665 4143 Piso-

280 4186 398 4224 nem
455 4173 541 4227 vel
596 4173 862 4228 Antiatem
912 4179 1144 4229 secutum
1196 4193 1304 4229 esse
1340 4132 1505 4247 putat.
1565 4174 1620 4228 Si
1657 4179 1830 4230 autem
1863 4194 1980 4230 cum
2018 4175 2240 4230 Nisseno
2274 4176 2506 4245 (Quaest.
2545 4175 2660 4230 crit.

274 4257 342 4312 de
390 4259 523 4313 font.
580 4261 690 4314 dec.
741 4260 822 4315 IV
872 4264 925 4314 et
972 4262 1023 4315 V
1071 4279 1190 4315 ann.
1241 4261 1361 4316 Liv.
1411 4282 1462 4333 p.
1502 4263 1628 4330 236)
1659 4261 1848 4316 Antias
1880 4261 2024 4316 Livii
2056 4267 2241 4315 auctor
2268 4261 2532 4333 putandus
2566 4267 2662 4330 est,

280 4344 489 4411 omnia,
526 4364 660 4415 quae
698 4345 1143 4405 Hildesheimerus
1176 4347 1357 4401 attulit
1393 4346 1461 4400 ad
1497 4347 1822 4419 probandum
1861 4348 1972 4402 fieri
2007 4364 2117 4402 non
2155 4364 2303 4419 posse
2343 4351 2404 4402 ut
2434 4348 2662 4402 Pseudo-

279 4430 467 4485 Victor
503 4431 587 4486 hic
624 4449 653 4486 e
696 4431 886 4486 Pisone
920 4432 1175 4504 pendeat,
1212 4433 1405 4505 quippe
1442 4451 1574 4502 quae
1612 4432 1779 4487 solum
1827 4433 2022 4488 Pisonis
2059 4437 2113 4488 et
2148 4432 2284 4487 Livii
2318 4451 2570 4488 consensu
2606 4432 2661 4488 in

267 4515 522 4572 librorum
563 4537 780 4573 numero
818 4518 1077 4574 tradendo
1120 4519 1389 4586 nitantur,
1426 4518 1770 4574 collabuntur.
