3184 5342
1424 363 1508 426 95

259 544 456 608 rebus
539 545 990 622 describendiS,
1053 567 1201 608 suae
1272 545 1495 608 aebaffis
1555 545 1836 608 rationes
1905 546 2183 629 antiquis
2249 546 2641 630 bemporibus

263 671 597 734 perperam
648 651 1011 715 &tribuisse
1057 651 1184 736 (Of.
1234 673 1423 734 supra
1469 674 1528 735 p.
1586 653 1673 736 8).

359 758 644 840 Aquam,
717 753 908 840 quam
957 757 1207 841 Appius
1252 757 1321 821 in
1376 758 1595 822 urbem
1643 758 2034 835 infiroduxit,
2086 781 2277 843 prave
2326 757 2642 823 Anienem

136 851 149 860 ’
260 866 456 926 vocat
516 862 1061 948 Pseudo-Victor3
1125 863 1347 928 Fronh.
1418 866 1483 926 et
1545 863 1728 927 Diod.
1778 863 1901 929 Sic.
1952 864 2040 930 1.1.
2093 868 2169 928 de
2215 888 2382 950 aqua
2431 866 2644 950 Appia

242 971 508 1052 agunt,
554 968 733 1031 Eutr.
786 951 897 1045 II,
939 971 977 1032 9
1026 991 1256 1052 aquam
1304 967 1635 1033 Claudiam
1685 973 2030 1047 memorat,
2080 970 2216 1035 Liv.
2268 971 2400 1048 IX,
2445 973 2550 1049 29,
2605 972 2644 1034 6

262 1077 334 1138 ei:
380 1073 510 1139 oio.
558 1094 674 1158 pro
724 1074 894 1138 Ooel.
951 1076 1065 1150 14,
1130 1076 1214 1138 34
1263 1096 1497 1138 nomen
1544 1075 1872 1142 omittunh.
1921 1073 2083 1140 Cum
2131 1077 2311 1142 Livio
2359 1077 2488 1156 IX,
2543 1081 2646 1153 33,

263 1181 333 1245 4.
385 1180 500 1256 34,
552 1181 590 1243 6
639 1178 1147 1243 Pseudo-Victor
1192 1181 1412 1243 narrat
1456 1180 1739 1264 Appium
1787 1202 1900 1264 per
1947 1182 2458 1265 quinquennium
2497 1205 2647 1248 een-

260 1307 482 1349 suram
545 1285 827 1368 gessisse.
896 1285 1179 1369 Appium
1241 1285 1577 1365 Claudium
1639 1285 2068 1369 prohibuisse,
2134 1290 2474 1372 quominus
2524 1312 2650 1374 pax

266 1412 417 1454 eum
481 1391 729 1474 Pyrrho
784 1395 1286 1474 componeretur,
1336 1393 1507 1475 apud
1556 1391 1767 1474 plures
1814 1393 2151 1476 scriptores
2196 1394 2466 1478 legimus
2521 1394 2647 1480 (Cf.

267 1496 410 1561 Liv.
473 1495 592 1580 Ep.
660 1496 803 1563 libr.
871 1496 1053 1561 XIII.
1118 1497 1289 1560 Plut.
1364 1496 1589 1580 Pyrrh.
1661 1498 1762 1562 18.
1834 1500 1937 1576 19,
2004 1499 2134 1564 Oie.
2185 1500 2319 1565 Cat.
2375 1502 2521 1565 mai.
2578 1503 2638 1578 6,

271 1603 385 1680 16,
432 1602 577 1667 Val.
641 1602 811 1681 VIII,
868 1604 972 1680 13,
1028 1603 1087 1680 5,
1138 1603 1307 1667 Flor.
1361 1602 1411 1679 I,
1466 1601 1569 1680 13,
1623 1605 1757 1686 20).-
