3184 5342
1756 397 1840 460 22

597 579 850 653 narrat,
891 598 925 640 e
972 576 1220 661 Nepote
1267 578 1553 656 fluxisse,
1606 580 1774 663 quod
1823 580 1902 643 ad
1949 579 2212 643 verbum
2262 582 2623 663 congruant
2668 599 2809 643 cum
2858 577 2970 655 iis,

595 704 757 765 quae
803 681 1050 746 Plinius
1095 681 1246 748 Nat.
1296 684 1464 749 Hist.
1509 685 1671 763 VII,
1717 686 1845 750 103
1890 688 1969 749 de
2009 684 2253 750 Manlio
2294 686 2524 764 tradit,
2574 707 2765 769 quem
2788 706 2972 769 supe-

593 790 758 853 riore
781 790 989 874 capite
1013 812 1048 855 e
1071 790 1321 874 Nepote
1344 794 1621 875 pendere
1645 791 1934 857 coniecit.
1962 791 2233 856 Etiamsi
2256 794 2707 876 argumentum
2725 790 2853 856 iam
2868 814 2981 876 per

594 917 660 960 se
699 896 884 960 nihili
923 898 1384 961 aestimandum
1425 897 1555 976 est,
1582 901 1906 983 praeterea
1928 899 2471 983 hampotissimum
2496 920 2563 963 re
2586 898 2943 962 infirmatur
2960 947 2978 982 ‚

593 1001 763 1084 quod
791 1049 806 1080 ‚
871 1002 922 1065 si
984 1002 1586 1068 Pseudo-Victorem
1653 1008 1719 1068 et
1780 1004 2059 1070 Plinium
2128 1027 2269 1069 cum
2336 1004 2517 1071 Livio
2586 1004 2716 1083 VI,
2766 1005 2849 1068 20
2872 1051 2887 1081 ‚
2938 1004 2976 1069 7

593 1108 1058 1191 comparaveris
1077 1155 1092 1186 ‚
1141 1112 1270 1175 tres
1315 1108 1461 1174 illos
1499 1110 1837 1195 scriptores
1874 1132 1950 1175 ex
1986 1112 2205 1175 eodem
2230 1111 2409 1175 fonte
2434 1111 2714 1176 hausisse
2740 1110 2871 1176 veri
2894 1110 2978 1175 si-

594 1212 744 1276 mile
783 1234 914 1278 esse
937 1215 1192 1298 putabis
1211 1216 1315 1301 (de
1335 1216 1448 1280 vir.
1475 1216 1562 1279 ill.
1598 1217 1685 1280 24
1704 1264 1719 1295 ,
1750 1218 1808 1281 2.
1837 1216 2156 1281 XXXVII
2179 1216 2559 1281 militaribus
2584 1217 2767 1282 donis
2792 1240 2830 1281 a
2852 1215 2978 1288 suis

595 1317 860 1383 ducibus
906 1323 1198 1399 ornatus,
1251 1321 1472 1385 XXIII
1518 1323 1837 1388 cicatrices
1877 1323 1947 1386 in
1994 1326 2250 1407 pectore
2296 1323 2542 1388 habuit.
2591 1324 2761 1390 Plin.
2810 1322 2939 1389 VII
2962 1369 2979 1400 ‚

603 1425 747 1489 103.
813 1426 1145 1491 XXXVII
1209 1430 1406 1505 dona,
1462 1427 1685 1493 XXIII
1732 1429 2053 1493 cicatrices
2102 1430 2363 1494 adverso
2410 1452 2671 1515 corpore
2718 1452 2979 1514 excepe-

591 1534 710 1593 rat.
779 1530 914 1595 Liv.
967 1532 1088 1610 VI,
1140 1534 1261 1611 20,
1317 1535 1372 1599 7.
1426 1534 1698 1619 protulit
1726 1585 1740 1601 .
1770 1584 1783 1599 .
1816 1583 1830 1599 .
1882 1536 2051 1601 dona
2097 1536 2551 1620 imperatorum
2598 1538 2680 1602 ad
2728 1538 2983 1609 XL...

595 1638 656 1700 8.
707 1638 978 1703 nudavit
1025 1632 1246 1723 pectus
1294 1641 1547 1725 insigne
1567 1642 1995 1707 ‘cicatricibus
2042 1642 2209 1707 bello
2256 1643 2576 1729 acceptis).

681 1743 778 1807 Ea
846 1766 1098 1829 quoque
1118 1793 1133 1823 ,
1197 1768 1358 1830 quae
1421 1747 1805 1812 Plutarchus
1864 1748 1933 1813 in
1996 1750 2131 1813 vita
2196 1748 2450 1814 Luculli
2513 1751 2599 1815 43
2660 1750 2977 1836 Nepotem

589 1871 878 1914 narrasse
928 1852 1158 1929 tradit,
1207 1874 1346 1933 cum
1399 1852 1947 1933 Pseudo-Victore
1995 1856 2335 1921 convenire
2381 1855 2701 1940 Hauptius
2749 1861 2971 1941 putat,

589 1956 690 2019 cui
735 1955 1270 2023 Hildesheimerus
1317 1960 1607 2024 concedit
1654 1959 1792 2044 (1.1.
1842 1983 1903 2044 p.
1961 1962 2090 2047 12).

884 2064 1057 2129 Plut.
1114 2064 1270 2129 Luc.
1320 2067 1427 2130 43.
2045 2069 2124 2131 de
2172 2068 2285 2132 vir.
2332 2068 2423 2132 ill.
2479 2070 2598 2148 74,
2649 2072 2710 2136 8.

681 2171 798 2233 Καὶ
843 2168 956 2250 πρό
979 2194 1060 2248 γε
1086 2180 1196 2245 τῆς
1225 2182 1520 2246 τελευτῆς
1549 2171 1727 2251 λέγε·
1844 2174 2002 2237 Post
2066 2195 2209 2237 cum
2274 2173 2551 2239 alienata
2606 2178 2819 2241 mente
2866 2178 2976 2241 de-

591 2298 696 2342 ται
762 2286 1005 2351 νοσῆσαι
1069 2280 1178 2352 την
1245 2280 1506 2343 διάνοιαν
1572 2281 1736 2359 αὐτῷ
1860 2280 2063 2363 sipere
2123 2279 2367 2365 coepit,
2428 2282 2630 2347 tutela
2691 2284 2823 2347 eius
2885 2284 2973 2347 M.

591 2384 757 2447 κατὰ
847 2387 1054 2463 μικρὸν
1138 2384 1731 2466 ἀπομαραινομένην.
1854 2384 2121 2449 Lucullo
2166 2385 2353 2449 fratri
2397 2388 2701 2471 permissa
2744 2391 2857 2455 est.

593 2486 810 2561 Νέπως
897 2492 960 2555 δὲ
1032 2492 1344 2572 Κορνήλιος
1417 2494 1538 2573 οὐχ
1614 2492 1727 2557 ὑπὸ

587 2598 786 2677 γήρως
815 2599 1031 2677 ,Φησὶν
1081 2600 1211 2664 οὐδὲ
1263 2600 1430 2664 νόσου
1479 2614 1730 2678 παραλ-

590 2700 779 2779 λάξαι
821 2704 920 2768 τὸν
963 2704 1316 2769 Λούκυλλον
1358 2706 1536 2769 ἀλλὰ
1559 2710 1727 2784 φαρ-

588 2809 810 2885 μοὶκοις
867 2809 984 2875 ὑπό
1028 2834 1182 2882 τινος
1231 2819 1346 2876 τῶν
1396 2809 1725 2875 ἀπελευθέ-

587 2938 694 2995 ρων
751 2915 1192 2989 Καλλισθένους
1261 2918 1722 3000 διαφθαρέντα·

586 3020 674 3085 τοὶ
738 3021 798 3085 δὲ
861 3021 1177 3103 φάρμακα
1229 3024 1460 3098 δοθῆναι
1507 3026 1620 3099 μὲν
1648 3025 1723 3094 ὡς

591 3128 900 3209 ἀγαπῷτο
939 3132 1186 3206 μᾶλλον
1227 3132 1262 3195 -5
1311 3128 1727 3203 Καλλισθένης

590 3233 910 3319 ὑπἀὐτοῦ,
936 3237 1222 3309 τοιαύτην
1247 3234 1414 3315 ἔχειν
1435 3237 1725 3301 δοκοῦντα

588 3344 696 3414 τὴν
735 3341 992 3419 δύναμιν
1013 3392 1030 3420 ,
1069 3343 1362 3417 ἐκστῆσαι
1390 3344 1450 3408 δὲ
1478 3344 1579 3407 καὶ
1608 3367 1722 3408 κα-

586 3454 858 3513 ταλῦσαι
905 3448 1007 3513 τὸν
1056 3448 1391 3527 λογισμόν,
1443 3446 1597 3513 ὥστε
1645 3449 1731 3513 ἔτι

589 3553 801 3635 ζῶντος
852 3557 1041 3621 αὐτοῦ
1089 3558 1197 3630 την
1249 3558 1455 3621 οὐσίαν
1495 3556 1730 3620 διοικεῖν

589 3660 689 3724 τὸν
740 3660 1035 3745 ἀδελφόν.

677 3766 778 3833 Ne
817 3768 922 3833 hic
968 3769 1220 3853 quidem
1262 3768 1863 3836 Pseudo-Victorem
1912 3792 1947 3833 e
1993 3767 2243 3850 Nepote
2266 3766 2538 3849 pendere
2577 3771 2756 3850 puto.
2807 3767 2978 3832 Nam
3036 3821 3044 3826 .

583 3894 719 3937 non
761 3896 1012 3939 necesse
1053 3881 1147 3940 est
1186 3876 1404 3941 fratris
1442 3874 1648 3941 tutela
1673 3896 1815 3939 cum
1844 3872 2254 3939 Callisthenis
2279 3871 2583 3935 veneficio
2610 3873 2945 3938 cohaereat
2966 3922 2982 3952 ‚

584 3977 781 4043 immo
819 4001 970 4043 vero
1006 3980 1326 4045 neminem
1353 4003 1568 4045 eorum
1594 4028 1610 4059 ‚
1638 3980 1851 4065 quide
1877 3976 2131 4041 Luculli
2156 3976 2386 4041 mentis
2421 3976 2806 4043 alienatione
2831 4000 2981 4064 ege-

583 4088 736 4149 runt
757 4132 772 4163 ,
821 4085 1087 4149 tutelam
1134 4087 1268 4151 eius
1314 4087 1402 4152 M.
1457 4086 1719 4151 Lucullo
1764 4083 1955 4148 fratri
2001 4083 2402 4147 commissam
2451 4104 2596 4161 ‘esse
2652 4085 2983 4169 ignorasse

587 4192 719 4257 veri
779 4192 984 4256 simile
1039 4196 1151 4257 est.
1201 4193 1256 4257 E
1303 4191 1635 4257 Plutarchi
1684 4191 1928 4267 verbiS,
1984 4195 2055 4254 ut
2102 4192 2271 4253 recte
2316 4190 2393 4252 A.
2445 4188 2747 4254 Schottus
2801 4192 2978 4277 (diss,

587 4297 663 4361 de
727 4303 892 4364 auct.
959 4300 1034 4364 de
1080 4300 1196 4365 vir.
1249 4300 1340 4363 ill.
1393 4300 1513 4385 1.1.)
1562 4298 1934 4376 contendit,
1984 4297 2146 4361 nihil
2194 4296 2476 4379 sequitur
2524 4297 2649 4361 nisi
2695 4302 2768 4362 ut
2816 4321 2985 4362 unus

588 4401 916 4469 Cornelius
953 4404 1172 4491 Nepos
1218 4406 1555 4470 Lucullum
1608 4427 1813 4490 neque
1852 4426 1930 4469 ex
1977 4404 2152 4469 senio
2204 4426 2410 4488 neque
2448 4426 2525 4469 ex
2565 4403 2784 4468 morbo
2826 4403 2981 4467 alie-

586 4513 742 4573 nata
779 4516 992 4578 mente
1029 4512 1222 4576 fuisse
1262 4515 1369 4576 sed
1415 4534 1452 4575 a
1496 4510 1891 4577 Callisthene
1930 4512 2192 4577 venenis
2232 4514 2600 4595 corruptum
2628 4510 2981 4576 tradiderit.
