3184 5342
1223 1480 1696 1564 CAPUT
1762 1479 1831 1563 Ι.

1394 1717 1698 1729 ——-—-—--

414 1887 517 1953 Ex
584 1886 735 1953 viris
800 1886 1041 1963 doctis,
1113 1883 1223 1968 qui
1286 1884 1363 1948 de
1423 1882 1714 1946 fontibus
1781 1881 1965 1958 libri,
2031 1879 2132 1944 cui
2177 1878 2405 1942 titulus
2451 1880 2547 1942 est
2598 1879 2716 1941 »(10

326 1995 480 2060 viris
525 1993 885 2058 illustribus
934 1991 1110 2055 urbis
1145 1990 1430 2054 Romae''
1459 1988 1986 2073 disputaverunt,
2015 1961 2290 2070 primuni
2317 1983 2714 2049 memorandi

327 2101 628 2165 videntur
675 2098 783 2182 qui
831 2120 974 2162 eum
1025 2093 1097 2162 G.
1147 2095 1363 2161 Plinio
1411 2094 1705 2161 Secundo
1731 2092 1976 2158 auctori
1998 2091 2277 2155 tribuere
2301 2090 2516 2154 conati
2539 2091 2714 2154 sunt.

329 2205 451 2280 Qui
490 2209 564 2270 ut
602 2203 986 2269 sententiam
1034 2223 1213 2266 suam
1244 2201 1575 2266 firmarent
1598 2199 2069 2284 probarentque
2091 2244 2106 2274 ,
2132 2218 2210 2260 ex
2233 2195 2428 2260 Plinii
2451 2195 2716 2279 epistola

334 2313 416 2374 ad
462 2309 751 2375 Tacitum
800 2309 958 2392 (VI,
1009 2308 1113 2385 20,
1168 2307 1233 2391 5)
1284 2307 1442 2372 haec
1490 2305 1713 2371 afferre
1752 2305 2076 2370 solebant:
2131 2301 2440 2385 »agebam
2481 2300 2718 2365 duode-

330 2415 702 2480 vicesimum
762 2436 1043 2491 annum3
1104 2435 1295 2498 posco
1361 2414 1597 2478 librum
1655 2410 1787 2475 Titi
1832 2410 1974 2475 Livi
2022 2413 2086 2473 et
2132 2407 2312 2492 quasi
2358 2429 2470 2492 per
2515 2407 2716 2471 otium

334 2519 483 2604 lego
546 2524 736 2604 atque
783 2519 1005 2601 etiam,
1046 2519 1121 2582 ut
1157 2539 1519 2610 coeperam,
1567 2515 1900 2601 excerp0.”
1951 2515 2281 2580 Putabant
2316 2512 2556 2578 scilicet
2594 2512 2718 2578 hoc

331 2625 496 2689 libro
547 2627 763 2688 eadem
810 2623 1146 2702 contineri,
1196 2645 1359 2708 quae
1398 2624 1646 2688 Plinius
1687 2644 1722 2687 e
1769 2621 1927 2686 Livii
1966 2619 2250 2685 historiis
2287 2619 2716 2704 excerpsisset.

336 2727 501 2792 Cum
549 2729 752 2792 multa
798 2729 924 2792 alia
972 2731 1108 2793 tum
1157 2730 1492 2814 praecipue
1532 2730 1653 2795 hoc
1691 2728 1948 2793 illorum
1986 2726 2340 2792 sententiae
2379 2727 2719 2811 repugnat,

334 2836 509 2917 quod
530 2880 547 2912 ‚
610 2836 685 2898 ut
738 2855 886 2898 mox
932 2834 1288 2899 videbimus
1307 2882 1322 2912 ,
1373 2829 1882 2900 Pseudo-Victor
1928 2854 2243 2919 persaepe·
2275 2835 2728 2897 commemorat

332 2962 496 3025 quae
548 2940 718 3025 apud
764 2939 1018 3005 Livium
1066 2962 1200 3005 non
1249 2940 1573 3026 leguntur.

423 3046 564 3110 Iam
632 3045 1013 3111 Andreas
1074 3045 1485 3112 Schottus
1534 3045 1657 3132 (De
1701 3045 1892 3112 Auct.
1941 3046 2072 3131 vir..
2105 3045 2198 3109 ill.
2246 3044 2364 3112 III.
2414 3068 2479 3128 p.
2531 3046 2607 3122 3,
2657 3045 2720 3110 4.

331 3154 428 3218 ed.
492 3151 787 3217 Francos.
864 3153 1087 3239 1609.)
1158 3152 1280 3216 hoc
1340 3156 1512 3217 recte
1559 3152 1756 3218 vidit:
1806 3174 1969 3237 quae
2013 3156 2230 3216 tamen
2275 3152 2411 3235 ipse
2459 3153 2538 3216 (10
2582 3150 2725 3214 fon-

330 3259 505 3323 tibus
550 3257 742 3322 huius
790 3257 940 3322 libri
987 3257 1257 3322 coniecit
1278 3307 1295 3341 ,
1344 3278 1541 3341 aeque
1578 3258 1895 3323 reicienda
1931 3259 2251 3325 videntur.
2299 3256 2505 3321 Huius
2551 3256 2722 3321 enim

331 3364 565 3428 iudicio
632 3362 903 3447 scriptor
963 3366 1177 3427 noster
1235 3363 1608 3448 plerumque
1655 3363 1928 3430 Graecos
1982 3366 2272 3429 auctores
2324 3366 2576 3432 secutus
2630 3365 2729 3428 est

330 3469 742 3554 Dionysium,
810 3468 1079 3533 Dionem
1105 3515 1121 3546 ‚
1178 3467 1588 3554 Appianum,
1639 3470 2073 3536 Plutarchum.
2138 3467 2232 3534 At
2292 3469 2497 3534 multa
2553 3472 2724 3554 apud

328 3576 933 3643 Pseudo-Victorem
982 3597 1124 3640 cum
1171 3574 1556 3641 Graecorum
1605 3578 1858 3662 scriptis
1909 3577 2250 3643 convenire
2293 3576 2444 3640 inde
2493 3579 2717 3639 natum

331 3705 465 3748 esse
509 3683 913 3768 perspicuum
963 3683 1093 3761 est,
1142 3683 1312 3765 quod
1361 3685 1427 3746 et
1470 3682 1541 3746 hi
1588 3687 1654 3746 et
1699 3683 1809 3747 ille
1854 3705 1971 3747 sua
2014 3705 2048 3746 e
2088 3682 2393 3747 Romanis
2433 3680 2719 3745 fontibus

330 3789 700 3854 hauserunt.

425 3895 499 3960 G.
572 3895 635 3961 J.
707 3894 768 3960 V
790 3894 1014 3960 ossiu
1034 3917 1064 3959 s
1137 3894 1244 3979 (de
1300 3893 1469 3959 Hist.
1536 3893 1676 3958 Lat.
1753 3895 1786 3959 Ι
1806 3943 1821 3973 ,
1900 3895 2032 3981 14.)
2104 3893 2715 3960 Pseudo-Victorem

333 4000 631 4085 pleraque
692 4022 726 4064 0
788 3999 1040 4084 Nepote
1104 3999 1523 4084 desumpsisse
1576 4000 1839 4065 iudicat.
1888 4001 2050 4066 Cum
2097 4021 2170 4065 eo
2215 3999 2423 4065 facere
2466 3999 2720 4064 videtur

329 4103 394 4171 J.
443 4104 951 4170 Perizonius
997 4104 1363 4190 (Animadv.
1430 4105 1581 4172 hist.
1632 4129 1696 4189 p.
1727 4107 1899 4173 .368.
1950 4106 2042 4170 ed.
2097 4105 2307 4170 Amst.
2362 4103 2605 4189 1685.).
2654 4102 2718 4168 Is

332 4210 506 4274 enim
552 4208 867 4294 Nepotem
910 4210 981 4275 in
1028 4211 1206 4276 libris
1231 4211 1415 4275 nobis
1438 4211 1786 4295 deperditis
1812 4212 1888 4276 (10
1915 4211 2203 4276 Marcelli
2225 4212 2492 4288 ossibus,
2518 4233 2556 4274 a
2581 4209 2648 4276 N
2649 4234 2719 4274 u-

331 4316 521 4381 midis
546 4315 926 4400 interceptis
965 4319 1031 4383 et
1052 4317 1402 4401 dissipatiS,
1432 4339 1507 4382 ea
1530 4318 1871 4383 tradidisse
1895 4321 2086 4403 putat
2105 4365 2121 4396 ‚
2145 4339 2307 4402 quae
2340 4317 2720 4382 Plutarchus

332 4423 530 4488 Marc.
598 4422 709 4489 30.
769 4444 913 4487 eum
976 4407 1300 4509 scripsisse
1363 4423 1616 4489 rettulit
1632 4471 1649 4502 ‚
1715 4425 1887 4509 quod
1948 4422 2451 4490 Pseudo-Victor
2497 4422 2608 4508 45,
2657 4424 2720 4489 8.

336 4551 519 4594 »ossa
562 4529 833 4594 Romam
881 4530 1174 4608 remissa,
1218 4552 1256 4593 a
1292 4532 1528 4614 praedo
1540 4529 1734 4595 nibus
1756 4531 2129 4615 intercepta,
2153 4529 2455 4613 periisse''
2482 4532 2716 4596 narret.

2397 4649 2426 4696 1
