3184 5342
1334 358 1504 422 ·89

246 541 493 624 agunt.
568 539 1065 606 Admonendum
1130 545 1227 606 est
1289 543 1477 606 etiam
1541 544 1610 607 in
1670 542 1970 628 Epitome'
2022 545 2192 609 Livii
2239 544 2387 608 libri
2433 543 2528 608 IX
2574 544 2651 607 de

244 645 611 710 foedere
657 647 945 711 Caudino
997 649 1385 712 mentionem
1435 648 1669 714 factam
1717 673 1870 715 esse.

337 861 558 945 Caput
600 861 845 927 XXXI.
885 861 1089 937 Quam
1116 863 1485 947 nelegenter
1510 864 2015 929 Pseudo-Victor
2039 867 2362 928 auctorem
2388 884 2646 946 excerp-

237 968 401 1032 serit
443 967 703 1031 initium
748 967 934 1031 huius
978 968 1203 1052 capitis
1243 970 1541 1034 ostendit.
1593 969 1919 1054 Papirium
1961 969 2298 1034 Cursorem
2325 969 2648 1032 consulem

236 1074 439 1157 facit,
510 1075 587 1138 de
650 1073 832 1138 Fabii
896 1074 1273 1158 magistratu
1338 1079 1505 1139 tacet
1524 1099 1538 1157 ;
1605 1077 1810 1160 capite
1867 1081 2170 1159 sequente
2217 1075 2448 1138 Fabius
2509 1095 2645 1137 ma-

236 1181 450 1264 gister
513 1180 799 1264 equitum
860 1179 1249 1266 appellatur,
1318 1181 1610 1264 Papirius
1668 1182 1868 1265 igitur
1925 1182 2198 1245 dictator
2244 1183 2357 1244 est.
2410 1178 2647 1243 Omnes

240 1287 354 1349 alii
407 1287 751 1370 scriptores
801 1286 1125 1370 Papirium
1173 1287 1575 1365 dictatorem,
1626 1287 1894 1350 Fabium
1942 1287 2322 1371 magistrum
2361 1288 2646 1370 equitum

236 1391 442 1456 fuisse
485 1392 755 1454 tradunt
803 1394 869 1455 et
916 1391 1161 1469 Livius,
1218 1393 1328 1474 (1111
1373 1393 1441 1455 111
1492 1393 1612 1456 hac
1659 1415 1726 1456 re
1773 1394 2093 1456 narranda
2146 1392 2378 1455 multos
2425 1393 2645 1454 aucto-

236 1521 341 1562 res
393 1497 696 1561 habuisse
741 1498 993 1561 videtur
1043 1497 1167 1584 (Of.
1221 1497 1419 1594 VIII,
1480 1500 1585 1575 30,
1635 1500 1724 1575 7),
1764 1521 1893 1562 non
1916 1499 2292 1563 memoravit
2317 1498 2645 1561 annalium

240 1603 592 1688 scriptores
617 1603 924 1687 quosdam
945 1603 1268 1687 Papirium
1294 1605 1618 1668 consulem
1644 1604 1878 1669 fecisse.
1909 1605 2132 1687 Itaque
2160 1604 2335 1668 nulla
2351 1607 2445 1668 est
2459 1624 2649 1668 causa

239 1731 355 1773 cur
404 1713 705 1794 putemus
734 1696 1358 1774 vPseudo-Victorem
1408 1711 1530 1774 hoc
1581 1711 1790 1794 capite
1839 1711 1962 1774 alio
2012 1713 2267 1774 auctore
2295 1705 2436 1773 ‘niti
2456 1757 2470 1786 ,
2518 1731 2646 1793 quo

240 1815 459 1899 capite
526 1817 863 1898 sequente,
933 1815 1128 1879 immo
1195 1817 1391 1880 errori
1458 1817 1588 1880 eius
1652 1817 2059 1880 tribuendum
2121 1820 2248 1900 est,
2308 1818 2478 1899 quod
2524 1816 2647 1880 hoc

245 1921 461 2004 capite
512 1943 549 1984 a
598 1921 817 1984 ceteris
865 1922 1279 2006 scriptoribus
1329 1921 1664 2006 discrepat.

340 2024 507 2090 Cum
545 2026 764 2090 Livius
799 2026 998 2103 VIII,
1043 2029 1148 2104 30,
1197 2029 1228 2090 1
1274 2020 1350 2090 de
1389 2027 1750 2091 incertis
1793 2028 2112 2092 ominibus
2137 2032 2325 2109 agat,
2368 2028 2644 2091 Pseudo-

249 2130 483 2195 Victor
520 2132 731 2196 omina
770 2133 1122 2197 adversa
1162 2155 1296 2198 esse
1320 2137 1653 2198 asseverat.
1680 2133 1766 2196 Et
1789 2133 2298 2197 Pseudo-Victor
2322 2136 2388 2196 et
2407 2133 2642 2196 Eutro-

238 2236 387 2321 pius
444 2238 547 2316 II,
598 2241 635 2304 8
687 2239 1047 2323 Papirium,
1097 2262 1293 2324 quum
1343 2239 1612 2303 Romam
1664 2260 2104 2323 regressus
2153 2242 2390 2314 esset,
2443 2238 2642 2302 Fabio

235 2343 549 2422 edixisse,
616 2366 698 2408 ne
763 2367 905 2408 cum
964 2345 1146 2410 hoste
1211 2349 1566 2430 pugnaret,
1635 2346 2071 2420 tradiderunt3
2134 2349 2358 2409 contra
2421 2345 2640 2408 Livius

234 2449 439 2528 VIII,
500 2453 621 2527 30,
674 2451 713 2512 2
774 2451 841 2513 1(1
904 2451 1142 2514 factum
1206 2473 1381 2542 esse,
1426 2474 1570 2516 cum
1623 2451 1913 2536 Papirius
1963 2450 2233 2514 Romam
2286 2449 2640 2533 profici-

233 2558 525 2619 sceret
553 2577 640 2618 111
663 2602 677 2631 ,
726 2557 1029 2620 narravit.
1082 2555 1375 2621 Fortasse
1424 2557 1924 2623 Pseudo-Victor
1963 2560 2026 2620 et
2048 2553 2394 2639 Eutropius
2420 2556 2640 2639 negle-

234 2661 499 2744 gentius
572 2661 742 2743 quod
814 2665 1027 2724 actum
1099 2663 1196 2725 est
1274 2662 1680 2726 rettulerunt.
1761 2662 1932 2738 Quae
1997 2665 2074 2726 de
2137 2683 2388 2746 pugna,
2449 2683 2641 2746 quam

234 2767 510 2830 absente
573 2766 881 2829 dictatore
946 2767 1261 2831 commisit
1324 2767 1557 2832 Fabius
1621 2773 1683 2833 et
1748 2772 1824 2832 de
1885 2769 1962 2832 iis
2026 2769 2212 2833 rebus
2235 2816 2249 2844 ,
2292 2790 2455 2853 quae
2495 2772 2646 2852 post

236 2893 532 2956 pugnam
594 2892 848 2936 reverso
896 2872 1153 2956 Papirio
1200 2873 1369 2938 facta
1416 2879 1601 2952 sunt,
1652 2875 1850 2938 tradit
1898 2875 2442 2952 Pseudo-Victor,
2484 2896 2640 2938 con-

244 2981 491 3064 gruunt
553 2999 698 3041 curn
744 2977 855 3055 iis,
908 3000 1067 3061 quae
1114 2983 1285 3063 apud
1337 2981 1470 3047 Liv.
1523 2980 1730 3055 VIII,
1779 2981 2041 3044 30—37
2085 2983 2446 3044 narrantur.
2515 2979 2640 3042 At-

245 3084 449 3146 tamen
522 3085 691 3168 apud
752 3084 889 3150 Liv.
956 3084 1161 3162 VIII,
1216 3087 1333 3168 34,
1393 3089 1425 3150 1
1477 3086 1751 3170 legimus
1796 3107 1939 3150 cum
1987 3085 2185 3149 Fabio
2226 3085 2633 3149 tribunicium

248 3189 551 3253 auxilium
616 3189 867 3272 quidem
936 3190 1181 3254 stetisse
1252 3195 1360 3255 sed
1417 3192 1751 3269 tribunos,
1799 3191 2186 3256 intercedere
2238 3211 2370 3254 non
2418 3212 2602 3254 ausos
2624 3239 2639 3268 ,

246 3292 625 3359 dictatorem
676 3317 922 3379 orasse,
972 3299 1047 3359 ut
1090 3296 1290 3360 Fabio
1332 3281 1587 3362 ⁴veniam
1638 3300 1834 3362 daret.
1887 3296 2080 3379 Apud
2128 3296 2638 3363 Pseudo-Victo-

245 3417 377 3460 rem
445 3400 753 3484 legimus:
807 3423 968 3466 »nec
1016 3403 1333 3487 supplices
1385 3387 1626 3468 tribuni
1674 3403 2083 3469 tuebantur.”
2132 3403 2425 3467 Fortasse
2471 3407 2639 3467 recte

243 3501 553 3570 iudicavit
599 3507 1039 3586 Schroeterus,
1093 3509 1203 3593 qui
1249 3509 1403 3574 haec
1453 3511 1646 3576 verba
1689 3511 1782 3573 ita
1821 3510 2278 3593 interpretatus
2320 3509 2636 3572 0315111111-

250 3607 405 3674 buni
453 3614 763 3677 auxilium
812 3615 869 3679 ei
916 3614 1079 3680 ferre
1129 3636 1261 3678 non
1306 3615 1724 3698 potuerunt.'’

339 3715 509 3790 Quae
573 3721 650 3782 de
698 3720 1115 3785 Praenestino
1162 3724 1453 3805 praetore
1502 3721 2019 3787 Pseudo-Victor
2065 3721 2354 3808 rettulit,
2405 3742 2638 3785 conve-

254 3819 443 3885 niunt
512 3846 653 3888 cum
717 3826 829 3904 iis,
893 3849 1055 3912 quae
1119 3830 1288 3911 apud
1350 3827 1485 3892 Liv.
1552 3828 1684 3905 IX,
1753 3829 1872 3903 16,
1937 3829 2038 3893 17.
2097 3827 2215 3903 18,
2265 3826 2434 3892 Ρ1111.
2482 3824 2636 3891 Nat.

234 3922 424 3989 'Hist.
474 3929 705 4015 XVII,
755 3935 874 4010 81,
927 3933 1118 3997 Dion.
1171 3933 1346 4001 0333.
1396 3933 1473 3997 fr.
1529 3936 1650 4012 36,
1702 3935 1787 3998 24
1832 3934 2123 4018 legimus.
2194 3933 2378 3998 Unus
2419 3937 2637 3996 tamen

258 4027 754 4104 Pseudo-Victor
802 4039 1126 4123 Papirium
1174 4043 1528 4122 praetorem
1577 4041 1946 4124 gravissime
1985 4041 2419 4125 increpantem
2462 4039 2631 4102 facit.

347 4241 553 4331 Caput
616 4251 905 4316 XXXII.
967 4252 1109 4318 Hoc
1176 4255 1383 4338 capite
1445 4276 1577 4318 non
1640 4277 1771 4318 uno
1834 4257 1972 4320 loco
2037 4254 2549 4322 Pseudo-Victor
2597 4276 2635 4318 a

257 4351 475 4418 ceteris
513 4357 930 4440 scriptoribus
973 4358 1307 4443 discrepat.
1362 4353 1648 4424 Primum
1688 4361 1953 4426 Fabium
1997 4361 2078 4424 ob
2105 4361 2399 4425 virtutem
2425 4360 2632 4424 Maxi-

257 4473 427 4520 mum
492 4462 879 4546 appellatum
946 4486 1077 4529 esse
1139 4487 1301 4529 unus
1353 4465 1866 4533 Pseudo-Victor
1910 4468 2141 4545 tradit,
2189 4468 2382 4532 ceteri
2430 4467 2630 4551 scrip-
