3184 5342
1731 395 1815 459 14

619 562 632 573 “
672 578 797 644 Res
863 562 1024 643 saffis'
1073 564 1246 643 'nota'
1296 598 1332 642 ε
1401 576 1572 642 mut.
1625 576 1777 642 Luc.
1828 579 1885 659 7,
1937 579 2107 663 App.
2158 580 2376 646 Mithr.
2433 578 2551 666 71,
2600 581 2783 650 Eufir.
2834 582 2964 661 Vl,

584 689 644 753 6.
693 684 963 750 Etiamsi
1023 685 1102 748 iis
1164 680 1320 748 locis
1373 705 1501 748 non
1548 684 1703 767 ipsis
1751 684 1959 749 verbis
2005 686 2281 750 traditur
2327 685 2580 753 Cottam
2624 706 2673 752 a·
2692 688 2964 753 Lucullo

485 875 491 880 Ι
579 792 920 856 liberatum
985 812 1152 867 esse,
1202 790 1268 853 id
1319 793 1625 873 sequatur
1670 811 1923 854 necesse
1973 793 2071 855 est
2114 813 2191 857 ex
2239 792 2349 877 iis,
2403 815 2565 876 quae
2610 794 2687 857 de
2735 793 2963 879 Cyzico

581 897 911 963 obsidione
972 898 1240 962 liberata
1287 900 1655 961 narrantur.
1726 895 1783 958 E
1829 897 2165 962 verborum
2212 900 2633 983 congruentia
2668 900 2831 965 nihil
2869 905 2965 967 est

578 1004 1003 1088 colligendum
1027 1052 1042 1082 ‚
1105 1004 1258 1088 quia
1319 1007 1585 1086 uterque
1655 1024 1845 1086 quam
1908 1002 2387 1087 simplicissimis
2446 1005 2654 1070 verbis
2712 1028 2813 1071 res
2873 1007 2964 1071 ibi

583 1114 794 1195 gestas
838 1114 1128 1174 narrant.

621 1214 920 1301 Elogium
965 1215 1282 1301 Scipionis
1332 1213 1695 1279 Aemiliani.
2066 1217 2146 1279 de
2193 1215 2309 1281 vir.
2355 1215 2449 1280 ill.
2500 1215 2583 1281 58
2607 1263 2623 1295 ‚
2671 1218 2733 1281 4.

578 1323 774 1407 (apud
794 1322 958 1388 Plin.
977 1320 1129 1387 Nat.
1147 1321 1316 1385 Hist.
1335 1319 1546 1397 XXII,
1575 1321 1607 1383 1
1619 1321 1707 1397 3.)

664 1427 1095 1492 Aemilianum
1166 1447 1418 1511 quoque
1465 1425 1715 1510 Scipio·
1831 1425 2157 1491 Tribunus
2213 1426 2296 1491 in
2350 1427 2646 1495 Africa
2692 1431 2809 1496 sub
2846 1430 2959 1495 Μ’.

574 1558 721 1601 nem
769 1536 975 1601 Varro
1037 1538 1257 1599 auctor
1307 1538 1402 1598 est
1462 1534 1619 1597 don
1640 1557 1710 1597 a·
1826 1534 2091 1598 Manilio
2108 1534 2488 1618 imperatore
2506 1536 2795 1601 cohortes
2815 1541 2959 1602 octo

573 1646 742 1705 tum
820 1639 1354 1707 obsidionali
1417 1639 1707 1723 (corona)
1826 1639 2157 1703 obsidione
2226 1640 2495 1705 vallatas
2564 1642 2829 1707 consilio
2894 1648 2959 1708 et

569 1748 647 1811 in
738 1745 1033 1811 Africa
1115 1745 1381 1823 Manilio
1451 1746 1708 1809 consule
1822 1746 2060 1809 virtute
2133 1746 2553 1825 servavit,
2617 1771 2655 1811 a
2730 1749 2962 1832 quibus

570 1852 776 1916 tribus
803 1856 847 1935 ¹)
914 1851 1282 1915 cohortibus
1337 1851 1707 1915 servatis
1824 1872 2135 1915 corona
2194 1853 2723 1917 obsidionali
2769 1876 2961 1918 aurea

569 1957 963 2040 totidemque
1039 1956 1118 2019 ad
1195 1958 1536 2020 servandas
1602 1977 1707 2019 eas
1820 1955 2112 2022 donatus.

572 2062 851 2140 eductis,
935 2064 1149 2145 quod
1223 2064 1306 2125 et
1373 2064 1711 2125 statuae

569 2169 750 2234 eius
832 2168 915 2232 in
991 2167 1178 2232 foro
1249 2190 1394 2233 suo
1465 2168 1709 2264 divus

569 2276 1001 2361 Augustus
1048 2275 1592 2360 subscripsit.

659 2381 787 2447 Res
840 2382 1030 2447 otiam
1080 2386 1236 2446 nota
1281 2404 1316 2447 e
1363 2381 1531 2446 Vell.
1578 2380 1649 2464 I,
1703 2382 1822 2458 12,
1875 2382 1936 2444 4.
1988 2382 2101 2445 »in
2148 2380 2371 2447 Africa
2418 2382 2801 2449 obsidionali
2844 2406 2954 2449 co-

570 2508 732 2552 rona
799 2489 1074 2553 donatus
1142 2488 1301 2553 est’'.
1374 2486 1630 2552 Livium
1697 2487 1767 2551 in
1831 2487 1995 2551 libro
2044 2489 2740 2573 undequinquagesimo
2787 2490 2956 2554 idem

570 2616 856 2659 narrasse
901 2594 1035 2659 veri
1083 2593 1286 2658 simile
1333 2597 1428 2657 est
1475 2592 1599 2679 (Cf.
1650 2592 1769 2677 Ep.
1820 2594 1952 2679 49).
2022 2593 2189 2659 Luce
2229 2594 2461 2658 clarius
2496 2599 2593 2658 est
2618 2597 2953 2660 verborum

571 2720 951 2764 consensum
1012 2699 1119 2762 hic
1175 2697 1338 2761 nihil
1385 2698 1592 2761 valere
1639 2699 1721 2760 ad
1765 2698 2169 2782 probandum
2215 2697 2823 2763 Pseudo-Victorem
2874 2721 2952 2764 ex

566 2802 796 2888 Elogio
841 2804 1135 2888 pendere.

661 2908 958 2974 Vidimus
1005 2908 1615 2973 Pseudo-Victorem
1663 2910 1730 2973 ‘et
1776 2909 1985 2993 elogia
2030 2908 2108 2973 iis
2154 2908 2310 2973 locis
2328 2956 2344 2987 ‚
2392 2909 2502 2973 ubi
2550 2913 2917 2993 congruunt
2935 2956 2951 2988 ‚

565 3038 665 3081 res
711 3016 968 3081 aliunde
1013 3016 1166 3080 satis
1215 3018 1401 3079 notas
1449 3015 1719 3081 tradere.
1767 3013 1917 3079 Una
1963 3018 2220 3078 tantum
2260 3036 2360 3079 res
2398 3015 2569 3099 apud
2613 3019 2954 3098 utrumque

564 3123 934 3201 invenitur‚'
959 3124 1036 3187 de
1080 3145 1208 3207 qua
1254 3122 1450 3186 ceteri
1499 3142 1720 3186 omnes
1766 3123 2016 3195 tacent,
2044 3120 2314 3186 Sabinos
2340 3121 2421 3185 ab
2446 3120 2661 3205 Appio
2686 3118 2952 3185 Claudio

566 3228 840 3293 domitos
885 3250 1036 3294 esse.
1085 3225 1329 3293 Contra
1375 3227 1447 3303 Q.
1495 3225 1730 3291 Fabius
1772 3226 2095 3291 Maximus
2141 3226 2310 3311 apud
2351 3226 2952 3291 Pseudo-Victorem

566 3333 904 3398 Rullianus
922 3380 938 3411 ‚
1009 3334 1082 3397 in
1151 3332 1357 3417 elogio
1429 3333 1776 3397 Ambustus
1846 3335 2112 3397 vocatur
2178 3334 2244 3397 et
2303 3333 2581 3417 elogium
2629 3354 2713 3397 ne
2758 3331 2951 3397 verbo

566 3439 823 3523 quidem
883 3441 962 3503 do
1022 3438 1210 3503 Marii
1269 3437 1591 3503 aedilitate
1638 3439 1777 3522 agit
1795 3486 1810 3515 ‚
1864 3442 1941 3502 de
1987 3460 2114 3522 qua
2160 3434 2671 3503 Pseudo-Victor
2716 3438 2950 3503 menti-

567 3565 756 3609 onem
814 3544 991 3612 facit.
1053 3544 1309 3619 Quanta
1373 3544 1458 3608 sit
1517 3544 1950 3608 controversia
2011 3544 2182 3607 inter
2229 3544 2839 3609 Pseudo-Victorem
2884 3547 2953 3607 et

566 3652 844 3736 elogium
889 3652 961 3716 in
997 3652 1109 3736 iis,
1149 3673 1311 3735 quae
1336 3654 1412 3715 de
1435 3649 1833 3715 Teutonibus
1860 3648 2258 3734 Cimbrisque
2280 3651 2637 3735 profligatis
2661 3652 2949 3727 tradunt,

564 3756 754 3842 paulo
802 3761 954 3822 ante
1001 3757 1426 3842 exposuimus.
1474 3756 1561 3820 Et
1602 3779 1799 3841 quum
1838 3757 1917 3820 ad
1959 3756 2186 3833 verba,
2228 3778 2390 3841 quae
2415 3757 2583 3841 apud
2610 3758 2949 3841 utrumque

565 3866 967 3947 congruunt,
1029 3863 1317 3928 animum
1379 3862 1805 3938 attendimus,
1872 3861 2145 3925 vidimus
2192 3860 2365 3926 hunc
2413 3882 2790 3926 consensum
2838 3863 2951 3925 aut

564 3968 735 4052 apud
783 3969 1018 4033 multos
1065 3968 1220 4033 alios
1267 3968 1633 4052 scriptores,
1681 3967 1793 4051 qui
1828 3970 1907 4032 de
1944 3967 2169 4031 iisdem
2208 3967 2395 4031 rebus
2419 3969 2647 4052 agunt,
2672 3966 2947 4035 inveniri

564 4076 680 4138 aut
736 4074 884 4139 inde
939 4076 1150 4137 ortum
1216 4094 1380 4159 esse,
1436 4074 1609 4157 quod
1654 4076 1919 4157 uterque
1965 4094 2155 4156 quam
2208 4073 2687 4157 simplicissimis
2734 4074 2944 4138 verbis

561 4180 731 4246 idem
771 4201 1032 4245 narrare
1081 4180 1396 4245 studuerit
1438 4180 1641 4264 iisque
1686 4179 1894 4244 verbis
1932 4202 2083 4244 usus
2122 4179 2227 4264 sit,
2250 4180 2480 4264 quibus
2507 4201 2692 4244 nemo
2718 4180 2946 4244 nonin

573 4448 586 4463 ⁶
634 4447 693 4516 1)
743 4447 1138 4513 „Numerorum
1185 4446 1536 4519 discrepantia
1581 4446 1777 4503 'nullius
1828 4445 2079 4501 momenti
2125 4449 2206 4501 ost
2220 4489 2236 4512 ,
2286 4446 2534 4518 quoniam
2588 4450 2843 4518 quantum
2890 4446 2944 4501 in
3006 4474 3013 4481 ·

563 4531 795 4599 numeris
809 4532 1162 4609 ,potissimum
1197 4532 1399 4589 librarii
1433 4532 1791 4605 peccaverint,
1831 4536 2011 4588 notum
2053 4532 2188 4587 ost.'’
2226 4532 2469 4588 Hildesh.
2504 4532 2576 4587 l.l.
2938 4549 2944 4554 ·
