3184 5342
1418 367 1499 432 55

272 572 402 614 non
452 550 795 615 Romulum
847 550 1112 615 Remum
1151 550 1544 616 interfecisse
1580 551 1869 617 coniecit.
1913 552 2244 616 Antiatem
2287 552 2459 618 enim
2486 554 2658 635 apud

273 657 463 722 Dion.
528 656 675 720 Hal.
740 657 845 734 ΙΙ,
918 658 999 721 13
1052 657 1309 721 Romuli
1382 658 1623 742 equites
1672 655 1919 723 Celeres
1966 680 2004 720 a
2051 657 2268 723 Celere
2306 657 2658 741 appellatos

273 762 466 827 fuisse
536 763 867 826 tradidisse
889 810 903 839 ,
952 766 1121 847 apud
1161 762 1332 828 Serv.
1383 764 1463 827 ad
1510 763 1674 829 Aen.
1724 761 1850 848 XI,
1907 765 2036 828 603
2082 763 2316 827 idcirco
2374 760 2656 827 Celerem

274 870 560 953 equitum
621 869 947 933 tribunum
1012 891 1049 932 a
1112 868 1389 933 Romulo
1447 868 1688 932 factum
1736 890 1905 946 esse,
1954 869 2126 952 quod
2166 867 2440 932 Remum
2487 869 2655 932 occi-

224 963 233 968 *
274 977 469 1040 disset
486 1022 500 1051 ,
552 974 768 1058 itaque
811 976 976 1058 apud
996 965 1004 974 ⁸
1025 974 1355 1039 Antiatem
1403 974 1682 1040 Celerem
1725 975 1907 1039 Remi
1945 974 2415 1039 interfectorem
2437 975 2650 1042 fuisse.

271 1085 365 1148 At
426 1081 939 1147 Pseudo-Victor
1004 1102 1137 1145 non
1202 1103 1280 1146 ex
1339 1081 1477 1163 ipso
1543 1082 1802 1145 Antiate
1859 1081 2132 1164 pendere
2179 1081 2334 1144 mihi
2382 1082 2652 1158 videtur,

274 1189 443 1274 quod
506 1187 737 1251 Antias
800 1188 1115 1271 equitibus
1179 1192 1428 1272 praeter
1474 1190 1696 1253 ducem
1751 1185 2030 1252 Celerem
2079 1189 2206 1250 tres
2253 1188 2654 1252 centuriones

274 1292 789 1379 (ἑκατοντάρχαι)
838 1292 1181 1377 praefuisse
1228 1294 1525 1370 tradidit,
1574 1292 2077 1358 Pseudo-Victor
2117 1295 2329 1357 autem
2371 1291 2653 1358 Celerem

274 1400 709 1464 centurionem
773 1400 944 1465 fecit.
1018 1400 1259 1464 Iniuria
1303 1400 1502 1484 igitur
1548 1399 1867 1483 Hauptius
1915 1398 2531 1463 Pseudo-Victorem
2577 1421 2655 1462 ex

272 1507 538 1571 Antiate
582 1508 858 1591 pendere
903 1511 1125 1591 putat,
1169 1508 1363 1591 quod,
1412 1529 1600 1590 quem
1649 1505 1837 1570 ceteri
1883 1504 2220 1588 scriptores
2266 1505 2652 1569 munitorem

276 1613 374 1677 vel
420 1613 808 1698 praefectum
857 1613 1249 1677 munitorum
1300 1611 1495 1676 fuisse
1541 1613 1973 1687 contendant,
2019 1613 2286 1694 uterque
2331 1610 2652 1675 centurio-

277 1741 419 1784 nem
473 1722 671 1786 vocet.
702 1719 752 1804 1)

368 1930 579 2016 Caput
622 1931 710 1995 II.
760 1930 1270 1995 Pseudo-Victor
1317 1933 1383 1995 et
1427 1931 1646 1996 Livius
1695 1929 2032 1994 manifesto
2079 1931 2172 1993 ita
2209 1931 2378 1994 inter
2412 1951 2478 1994 se
2501 1952 2653 1995 con-

279 2042 557 2123 gruunt,
604 2040 678 2101 ut
733 2037 1009 2101 eiusdem
1055 2036 1255 2101 fontis
1303 2037 1571 2121 vestigia
1619 2037 1786 2119 apud
1835 2040 2174 2120 utrumque
2221 2035 2652 2102 inveniantur.

282 2144 411 2209 Ubi
456 2146 661 2207 autem
712 2143 1224 2208 Pseudo-Victor
1276 2143 1513 2226 aliquid
1570 2148 1906 2219 memorat,
1963 2147 2135 2228 quod
2183 2145 2349 2228 apud
2399 2140 2651 2206 Livium

276 2249 683 2334 desideratur,
736 2249 897 2312 miro
937 2251 1124 2314 modo
1164 2233 1309 2314 cum
1352 2248 1702 2314 Plutarcho
1743 2249 2043 2312 convenit
2082 2251 2149 2312 et
2171 2251 2428 2312 tantum
2451 2248 2651 2325 abest,

275 2359 349 2419 ut
433 2354 716 2418 Pseudo-
728 2354 943 2418 Victor
1013 2358 1077 2419 et
1138 2355 1521 2420 Plutarchus
1580 2354 1680 2419 his
1742 2354 1895 2418 locis
1958 2377 1996 2418 a
2051 2355 2217 2418 Livii
2288 2355 2654 2419 narratione

277 2459 697 2536 abhorreant,
725 2462 797 2522 ut
843 2481 981 2523 eam
1022 2461 1315 2544 supplere
1352 2462 1708 2526 videantur.
1754 2459 1970 2525 Unum
2009 2460 2208 2544 igitur
2247 2482 2462 2525 eorum
2500 2480 2650 2523 auc-

276 2572 490 2632 torum
552 2543 801 2629 secutus
857 2588 991 2630 esse
1037 2567 1288 2631 videtur
1335 2566 1865 2651 Pseudo-Victor,
1919 2589 2077 2650 quos
2125 2566 2341 2631 Livius
2388 2570 2450 2630 et
2496 2566 2654 2629 Plu-

275 2673 533 2737 tarchus
579 2673 647 2735 in
697 2673 953 2737 Romuli
1000 2673 1131 2737 vita
1180 2673 1590 2737 describenda
1638 2672 2088 2738 adhibuerunt.
2166 2673 2466 2738 Attamen
2516 2671 2654 2736 fieri

280 2799 410 2841 non
474 2782 687 2862 potest
749 2789 822 2843 ut
882 2780 1255 2854 statuamus,
1317 2779 1458 2862 quis
1511 2778 1617 2842 hic
1665 2779 1808 2843 fons
1854 2778 2078 2856 fuerit,
2127 2801 2271 2844 cum
2317 2779 2654 2863 pleraque,

279 2906 440 2967 quae
508 2884 585 2949 de
651 2884 926 2949 Romulo
996 2884 1213 2949 Livius
1279 2889 1342 2949 et
1388 2885 1773 2948 Plutarchus
1820 2885 2231 2963 tradiderint,
2281 2887 2362 2949 ad
2411 2888 2651 2950 certum

280 2992 600 3054 auctorem
646 2990 878 3055 referre
927 3013 1057 3055 non
1101 2992 1433 3075 possimus

374 3094 545 3169 Quae
632 3099 708 3159 de
777 3097 1135 3180 virginibus
1202 3099 1399 3182 raptis
1470 3096 1982 3161 Pseudo-Victor
2052 3101 2118 3160 et
2186 3095 2404 3160 Livius
2474 3096 2541 3173 I,
2615 3095 2654 3159 9

284 3202 583 3277 tradunt,
633 3201 823 3283 plane
867 3202 1037 3266 inter
1082 3225 1147 3267 se
1171 3208 1569 3287 congruunt,
1597 3203 1886 3287 pluribus
1909 3206 2122 3266 tamen
2149 3201 2662 3267 Pseudo-Victor

281 3308 360 3368 de
424 3305 699 3389 nuptiali
768 3329 919 3371 voce
981 3308 1215 3372 Talasii
1276 3310 1443 3392 agit,
1494 3310 1606 3373 ubi
1653 3312 1841 3393 plane
1887 3331 2030 3373 cum
2079 3309 2426 3374 Plutarcho
2471 3308 2656 3373 Rom.

287 3412 366 3475 15
432 3413 752 3476 convenit.
825 3413 1100 3498 Uterque
1164 3416 1332 3479 enim
1388 3415 1581 3480 refert
1627 3417 1862 3480 idcirco
1911 3416 2324 3479 »institutum
2373 3436 2539 3491 esse,
2588 3418 2661 3477 ut

280 3518 577 3584 omnibus
625 3520 867 3603 nuptiis
914 3520 1147 3586 Talasii
1192 3545 1425 3586 nomen
1473 3527 1824 3600 vocaretur,
1870 3525 2041 3607 quod
2091 3544 2197 3586 eae
2231 3522 2494 3605 nuptiae
2514 3517 2658 3585 feli-

279 3627 437 3691 citer
476 3625 871 3692 cessissent.”
918 3625 1169 3691 Bellum
1209 3649 1350 3692 cum
1391 3628 1896 3693 Caeninensibus
1938 3630 2189 3711 gestum
2227 3630 2446 3692 eodem
2471 3627 2660 3691 modo

280 3732 449 3815 apud
514 3732 764 3797 Livium
823 3733 889 3815 I,
956 3735 1037 3798 10
1086 3757 1211 3818 quo
1260 3736 1428 3819 apud
1478 3734 2088 3800 Pseudo-Victorem
2136 3737 2452 3815 narratur,
2504 3733 2660 3797 Plu-

280 3837 539 3902 tarchus
584 3839 771 3906 Rom.
818 3841 901 3904 16
946 3844 1161 3904 autem
1203 3845 1267 3905 et
1312 3841 1829 3906 Pseudo-Victor
1874 3841 1951 3904 de
2001 3839 2260 3930 nomine
2311 3839 2582 3904 Acronis
2607 3839 2660 3926 2)

355 4134 414 4203 1)
454 4134 624 4189 Recte
671 4134 1076 4188 Rosenhauerus
1123 4134 1194 4189 l.l.
1249 4133 1483 4189 ostendit
1518 4131 1925 4188 Hildesheimeri
1959 4132 2309 4187 coniecturam
2347 4130 2662 4186 reiciendam

282 4235 395 4272 esse
409 4262 424 4285 ,
462 4221 555 4290 qui
590 4221 745 4275 nullis
782 4221 941 4276 certis
978 4220 1303 4292 argumentis
1340 4239 1465 4275 usus
1484 4219 1707 4290 probare
1743 4218 2012 4273 studuerit
2045 4216 2507 4272 Pseudo—Victoris
2544 4234 2663 4271 auc-

283 4311 447 4361 torem
488 4308 575 4362 hic
610 4327 639 4363 e
671 4309 912 4364 Varrone
948 4309 1191 4380 pendere.

353 4395 408 4463 2)
449 4393 504 4448 Si
556 4395 916 4449 Mommseuus
968 4393 1052 4465 (C.
1094 4394 1143 4448 Ι.
1180 4393 1245 4447 L.
1284 4393 1328 4447 Ι.
1368 4411 1419 4464 p.
1459 4393 1588 4462 283)
1639 4383 1788 4446 recte'
1819 4389 2042 4446 coniecit
2071 4387 2292 4444 Acronis
2327 4383 2518 4443 nomen
2555 4390 2664 4443 Au-

280 4480 425 4552 gusti
495 4480 705 4536 demum
774 4484 949 4535 aetate
1019 4479 1291 4552 vulgatum
1360 4496 1470 4533 esse
1540 4481 1595 4532 et
1660 4476 1814 4532 Livio
1862 4477 2100 4548 ignotum
2155 4473 2339 4541 fuisse,
2395 4474 2508 4530 fieri
2561 4493 2668 4528 non
