3184 5342
1301 1095 1765 1178 CAPUT
1834 1097 2144 1182 VIII.

620 1499 991 1588 Antequam
1038 1525 1288 1589 expono
1307 1552 1324 1583 ‚
1370 1505 1525 1589 quid
1573 1505 1650 1570 (16
1695 1506 1983 1572 fontibus
2033 1485 2217 1586 libri,
2265 1510 2375 1592 qui
2421 1510 2794 1578 inscribitur
2843 1515 2918 1579 de

527 1607 703 1674 Viris
758 1610 1115 1675 illustribus
1180 1611 1355 1675 urbis
1416 1611 1658 1676 Romae
1717 1615 2132 1678 statuendum
2187 1635 2321 1680 esse
2369 1615 2526 1680 mihi
2580 1617 2874 1684 videatur
2899 1668 2914 1699 ‚

529 1714 608 1779 (16
652 1715 1220 1781 Pseudo-Victoris
1267 1739 1411 1782 cum
1461 1716 1756 1802 Ampelio
1804 1738 2120 1784 consensu
2169 1719 2529 1805 disputabo.

618 1820 759 1886 Iam
805 1821 1101 1888 Dukerus
1148 1826 1213 1887 et
1250 1822 1521 1889 Beckius
1560 1825 1630 1888 in
1671 1824 1950 1908 Ampelii
1990 1827 2465 1894 recensionibus
2486 1876 2501 1907 ‚
2530 1851 2687 1914 quas
2712 1832 2922 1898 edide-

527 1930 682 1992 runt
699 1975 716 2005 ,
781 1928 1384 1995 Pseudo-Victorem
1444 1929 1776 1994 nonnullis
1840 1929 1998 1996 locis
2045 1953 2190 1997 cum
2236 1932 2530 2019 Ampelio
2579 1939 2920 2005 convenire

529 2033 953 2099 observarunt
997 2056 1267 2121 eumque
1312 2058 1693 2103 consensum
1739 2037 1889 2102 inde
1935 2040 2149 2103 ortum
2187 2061 2321 2104 esse
2358 2045 2673 2124 putarunt
2692 2093 2709 2123 ,
2749 2048 2923 2129 quod

529 2139 862 2225 Ampelius
899 2163 1370 2228 nonnunquam
1408 2142 2022 2209 Pseudo-Victorem
2062 2148 2315 2210 secutus
2355 2146 2460 2211 sit.
2515 2147 2922 2216 Woelfflinus

528 2245 650 2332 (De
699 2247 770 2310 L.
823 2249 1105 2332 Ampelii
1144 2249 1311 2315 libro
1358 2250 1704 2316 memoriali
1754 2253 2000 2335 quaest.
2049 2251 2192 2316 crit.
2241 2254 2308 2315 et
2329 2251 2478 2321 hist.
2504 2277 2568 2339 p.
2599 2256 2912 2338 35-42.)

530 2357 701 2448 recte
746 2356 1031 2420 ostendit
1076 2356 1309 2420 idcirco
1352 2357 1722 2441 Ampelium
1759 2378 1905 2421 cum
1945 2356 2500 2425 Pseudo-Victore
2539 2379 2911 2444 congruere,

532 2463 705 2545 quod
764 2462 1029 2545 uterque
1091 2483 1168 2526 ex
1233 2465 1455 2528 eodem
1510 2466 1767 2528 auctore
1812 2465 2104 2547 pendeat.
2155 2461 2480 2538 Quaedam
2528 2466 2698 2531 enim
2745 2465 2919 2548 apud

534 2567 901 2652 Ampelium
944 2568 1247 2648 inveniri,
1299 2591 1462 2654 quae
1504 2570 1575 2635 in
1623 2571 1788 2635 libro
1828 2571 1907 2634 (16
1943 2568 2118 2634 Viris
2153 2569 2509 2636 illustribus
2541 2592 2671 2636 non
2697 2570 2922 2652 legan-

536 2677 645 2737 tur
662 2720 677 2750 ‚
728 2675 839 2737 sed
883 2695 959 2738 ea
1002 2677 1258 2740 tantum
1306 2676 1538 2760 abesse,
1590 2680 1681 2741 ut.
1709 2675 2070 2760 discrepent
2117 2675 2198 2739 ab
2245 2675 2324 2740 iis
2347 2721 2364 2753 ‚
2386 2697 2549 2758 quae
2573 2697 2611 2738 a
2634 2677 2956 2739 Pseudo-‘

534 2778 799 2844 Victore
842 2781 1182 2844 tradantur
1199 2828 1216 2859 ‚
1266 2785 1340 2845 ut
1386 2803 1460 2846 ea
1505 2781 1722 2866 potius
1769 2783 2062 2865 supplere
2102 2781 2462 2846 videantur.
2511 2778 2718 2863 Supra
2756 2779 2925 2844 vidi-

540 2907 679 2950 mus
732 2906 953 2950 omnes
970 2935 989 2970 ,
1032 2886 1143 2970 qui
1186 2891 1335 2971 post
1380 2885 1819 2952 Woelfflinum
1867 2889 1946 2951 de
1991 2886 2282 2950 fontibus
2329 2885 2406 2949 de
2452 2885 2606 2950 viris
2650 2885 2926 2950 illustri-

540 2993 658 3056 bus
718 2992 869 3056 libri
932 2992 1302 3077 scripserint
1319 3041 1334 3071 ,
1399 2993 1531 3058 eius
1595 2994 1979 3059 sententiam
2042 2996 2289 3058 secutos
2337 3014 2470 3056 esse
2488 3039 2505 3070 ‚
2554 2990 2804 3056 etiamsi
2850 2993 2929 3056 de

536 3099 719 3164 fonte
739 3145 756 3177 ‚
820 3118 947 3183 quo
1010 3099 1339 3183 Ampelius
1402 3104 1467 3164 et
1513 3098 2030 3164 Pseudo-Victor
2075 3098 2173 3162 usi
2223 3098 2353 3163 sint
2369 3145 2386 3176 ,
2438 3098 2713 3162 maxime
2755 3098 2929 3162 inter

538 3228 605 3272 se
653 3205 975 3271 differant.

626 3312 768 3377 Hac
823 3311 1193 3396 quaestione
1255 3312 1598 3398 diligenter
1658 3312 2023 3376 examinata
2085 3311 2507 3377 libentissime
2555 3309 2927 3376 Woelfflino

542 3419 819 3484 concedo
857 3417 1467 3483 Pseudo-Victorem
1507 3423 1573 3484 et
1611 3417 1976 3502 Ampelium
2023 3439 2058 3482 6
2104 3418 2428 3483 communi
2473 3421 2729 3482 auctore
2767 3439 2926 3501 pen-

542 3530 709 3592 dere.
757 3523 951 3591 Cuius
996 3524 1271 3589 auctoris
1314 3523 1585 3608 vestigia
1631 3524 1803 3609 apud
1851 3522 2222 3607 Ampelium
2272 3523 2586 3608 capitibus
2641 3523 2926 3600 18-22,

543 3631 849 3709 26—29‚
897 3632 1019 3708 40,
1067 3631 1332 3696 42—47
1383 3632 1674 3714 exstant,
1724 3651 1886 3715 quae
1932 3633 2145 3694 autem
2191 3632 2263 3694 in
2311 3629 2535 3694 ceteris
2574 3628 2928 3713 capitibuS‚

540 3737 651 3801 ubi
698 3739 775 3802 de
823 3721 1013 3802 rebus
1057 3737 1362 3802 Romanis
1410 3738 1624 3822 agitur
1642 3784 1657 3815 ‚
1709 3736 2041 3821 Ampelius
2085 3735 2285 3799 tradit
2303 3782 2320 3813 ‚
2369 3756 2447 3798 ex
2493 3735 2712 3798 eodem
2749 3734 2930 3798 fonte

537 3842 793 3907 fluxisse
855 3846 1126 3926 possunt
1189 3845 1395 3929 capite
1440 3844 1527 3908 25
1597 3847 1858 3927 excepto
1881 3890 1896 3921 ,
1945 3842 2092 3923 ubi,
2147 3843 2222 3905 ut
2267 3839 2673 3928 Woelfflinus
2715 3841 2930 3905 conie-

544 3948 633 4012 cit
654 3995 670 4028 ,
731 3946 958 4014 Florus
1022 3950 1347 4015 adhibitus
1406 3972 1539 4015 esse
1586 3949 1838 4015 videtur
1867 3949 1937 4035 ¹).
2001 3948 2262 4013 Praeter
2307 3947 2480 4011 hunc
2526 3967 2929 4012 communem

604 4237 661 4305 1)
710 4235 1044 4292 Woelfflinus
1092 4235 1317 4292 coniecit
1364 4235 1667 4306 Ampelium
1716 4234 1770 4289 in
1819 4233 2080 4306 capitibus
2122 4235 2337 4289 18-22
2355 4277 2369 4299 ,
2405 4233 2630 4289 fortasse
2665 4234 2821 4289 etiam
2861 4235 2928 4288 28

536 4323 591 4374 et
628 4321 723 4387 39,
753 4321 1026 4394 Hauptius
1065 4323 1123 4380 in
1158 4321 1419 4394 capitibus
1458 4322 1701 4387 17—22,
1741 4322 1838 4386 27,
1879 4322 1976 4386 28,
2017 4321 2114 4386 40,
2153 4322 2250 4385 42,
2290 4319 2856 4385 47‚Hildesheimerus
2874 4318 2932 4372 in

543 4406 800 4478 capitibus
844 4410 1081 4472 17-22,
1121 4411 1218 4474 27,
1258 4409 1355 4474 28,
1394 4409 1481 4473 45,
1521 4410 1589 4462 47
1617 4406 1800 4462 eodem
1817 4406 1962 4462 fonte
1981 4425 2134 4462 usum
2155 4425 2391 4477 essequo
2411 4406 2929 4462 Pseudo-Victorem.
2964 4449 2988 4464 .

543 4493 647 4559 At,
696 4493 818 4564 quia
862 4498 1053 4566 putant
1100 4496 1241 4552 hunc
1287 4495 1489 4552 fontem
1538 4494 1765 4551 vitarum
1818 4493 2081 4564 quendam
2116 4493 2310 4550 librum
2347 4511 2489 4560 esse,
2526 4493 2583 4548 in
2618 4493 2684 4548 iis
2723 4495 2930 4548 tantum
