3184 5342
1395 1139 1859 1225 CAPUT
1925 1141 2097 1226 IV.

1602 1386 1895 1394 —-——-—

645 1554 708 1619 H
726 1576 759 1619 e
778 1577 809 1618 r
827 1576 891 1617 m
910 1576 948 1617 a
965 1576 1008 1616 n
1027 1576 1070 1616 n
1086 1576 1129 1616 u
1144 1575 1174 1617 s
1245 1552 1312 1617 H
1329 1574 1367 1616 a
1382 1575 1424 1615 ιι
1440 1576 1482 1637 p
1502 1553 1565 1616 ti
1581 1576 1625 1617 u
1644 1576 1673 1617 s
1736 1554 1978 1638 primus
2039 1556 2475 1639 quaestionem
2523 1559 2601 1622 de
2648 1558 2933 1623 fontibus

554 1664 740 1728 huius
762 1661 912 1725 libri
934 1660 1188 1745 penitus
1212 1659 1642 1743 investigavit.
1671 1660 1864 1725 Anno
1895 1663 2066 1728 1876
2093 1663 2621 1742 dissertationem,
2648 1687 2811 1749 quae
2833 1668 2938 1730 in-

490 1842 494 1847 ,
555 1770 790 1853 scripta
829 1775 926 1831 est
949 1765 1087 1829 »De
1103 1766 1378 1830 auctoris
1403 1766 1479 1830 de
1503 1766 1658 1831 viris
1681 1766 2035 1833 illustribus
2058 1768 2222 1834 libro
2246 1771 2648 1854 quaestiones
2680 1770 2939 1835 histori-

557 1875 728 1953 cae,”
750 1870 1174 1938 ‘ediditouius
1198 1872 1648 1956 disputationis
1671 1873 1828 1937 haec
1853 1896 2098 1945 summa
2122 1880 2252 1941 est:
2279 1898 2442 1954 eum,
2469 1877 2580 1961 qui
2603 1876 2837 1941 librum
2864 1879 2943 1942 de

557 1981 706 2045 viris
730 1978 1084 2043 illustribus
1109 1978 1448 2061 scripserit,
1480 1978 1707 2061 »longe
1732 1980 2034 2043 maiorem
2059 1980 2259 2044 libelli
2283 1983 2380 2045 sui
2405 1985 2651 2066 partem
2677 2005 2755 2047 ex
2777 1984 2942 2049 libro

556 2091 634 2152 de
682 2086 835 2151 viris
876 2084 1232 2149 illustribus
1277 2086 1631 2169 composito
1678 2087 2058 2170 excerpsisse
2082 2135 2098 2163 ,
2144 2087 2488 2153 nonnullas
2538 2093 2749 2153 autem
2789 2112 2941 2171 nar-

555 2191 948 2257 ratiunculas
1021 2195 1084 2255 et
1143 2212 1491 2275 paucorum
1553 2192 1833 2257 virorum
1889 2194 2088 2270 vitas,
2138 2216 2299 2277 quae
2344 2193 2413 2257 in
2462 2194 2573 2258 illo
2620 2195 2784 2260 libro
2833 2197 2943 2260 de-

556 2298 833 2375 fuerint,
881 2301 1051 2362 totas
1099 2299 1213 2361 aut
1259 2320 1334 2361 ex
1381 2297 1560 2363 Livio
1602 2301 1715 2361 aut
1754 2320 1830 2362 ex
1854 2299 1994 2363 aliis
2019 2300 2435 2384 scriptoribus
2459 2300 2945 2386 desumpsisse.”

559 2406 649 2491 (p.
732 2406 855 2489 12).
933 2403 1124 2468 Illum
1188 2404 1421 2467 librum
1483 2405 1560 2468 de
1619 2404 1770 2468 viris
1832 2404 2188 2470 illustribus
2232 2407 2687 2493 compositum,
2738 2429 2771 2472 e
2816 2428 2944 2492 quo

559 2509 1071 2575 Pseudo-Victor
1108 2512 1416 2593 pendeat,
1466 2508 1738 2594 Nepotis
1782 2533 1915 2576 esse
1939 2512 2209 2596 probare
2233 2512 2481 2576 studuit
2503 2515 2594 2597 (p.
2623 2514 2706 2577 27
2716 2513 2941 2596 —36).

561 2616 961 2683 Consensum
1023 2615 1587 2680 Pseudo-Victoris
1650 2639 1793 2680 cum
1847 2616 2039 2682 Floro
2084 2617 2234 2681 inde
2279 2619 2485 2679 ortum
2539 2637 2670 2678 esse
2718 2619 2905 2697 putat
2926 2659 2942 2691 ,

560 2722 730 2807 quod
794 2720 1020 2784 Florus
1081 2719 1303 2781 iisdem
1325 2764 1341 2795 ,
1402 2718 1633 2801 quibus
1688 2719 2200 2788 Pseudo-Victor
2219 2770 2234 2799 ‚
2282 2720 2569 2786 fontibus
2589 2766 2605 2798 ,
2653 2718 2832 2784 Livio
2880 2720 2948 2781 et

557 2828 842 2911 Nepote,
891 2846 1042 2888 usus
1088 2823 1190 2888 sit.
1242 2823 1330 2908 (p.
1388 2822 1700 2909 15-2'7).

648 2932 965 3018 Hauptius
1004 2931 1279 3015 primum
1322 2951 1537 2995 eorum
1563 2932 1949 2995 sententiam
1975 2934 2280 3018 sequitur,
2307 2932 2417 3017 qui
2441 2931 2810 3016 Ampelium
2833 2953 2941 3008 ea,

561 3064 722 3126 quae
761 3042 838 3105 de
877 3041 1241 3103 exterarum
1279 3037 1569 3121 gentium
1614 3038 1879 3103 ducibus
1916 3040 2268 3116 tradiderit,
2310 3062 2344 3103 e
2369 3039 2621 3123 Nepote
2645 3041 2945 3121 desump-

560 3150 712 3213 sisse
757 3146 1046 3210 iudicant
1069 3143 1140 3227 1).
1191 3144 1436 3208 Deinde
1481 3143 1844 3228 Ampelium
1884 3146 2387 3209 conscribentem
2409 3192 2425 3223 ,
2468 3167 2632 3230 quae
2672 3144 2947 3210 Romani

558 3255 974 3338 imperatores
1012 3252 1364 3334 gesserunt,
1403 3249 1594 3313 etiam
1627 3270 1845 3314 eorum
1871 3251 2034 3314 vitas
2059 3273 2098 3314 a
2121 3250 2370 3335 Nepote
2396 3251 2741 3334 descriptas
2768 3272 2947 3314 secu-

559 3365 700 3425 tum
739 3380 872 3423 esse
910 3358 1041 3423 veri
1080 3355 1285 3421 simile
1316 3358 1520 3441 putat.
1548 3354 1730 3432 Quod
1756 3359 1968 3420 autem
1992 3356 2504 3422 Pseudo-Victor
2527 3362 2591 3422 et
2615 3354 2949 3441 Ampelius

561 3465 872 3530 artissime
896 3461 1065 3527 inter
1087 3485 1152 3527 se
1176 3466 1540 3546 congruant
1555 3511 1568 3538 ,
1601 3460 2211 3528 Pseudo-Victorem
2229 3483 2479 3547 quoque
2496 3461 2812 3547 Nepotem
2830 3483 2948 3546 pro

563 3572 850 3656 principe
889 3570 1066 3635 fonte
1104 3570 1401 3634 habuisse
1442 3569 1733 3634 coniecit.
1784 3567 2007 3652 Neque
2046 3570 2117 3633 in
2157 3569 2277 3633 hac
2310 3592 2379 3633 re
2404 3591 2547 3633 cum
2574 3568 2948 3633 Woelfflino

563 3678 753 3763 facit,
794 3677 941 3762 qui,
980 3678 1149 3762 quod
1190 3676 1538 3753 nonnulla,
1578 3696 1740 3760 quae
1779 3674 2281 3740 Pseudo-Victor
2320 3676 2399 3739 de
2420 3674 2791 3740 Hannibale
2815 3677 2949 3738 tra-

563 3785 711 3861 dat,
758 3783 1117 3868 discrepent
1153 3784 1235 3847 ab
1269 3781 1658 3847 Hannibalis
1700 3781 1868 3859 vita,
1912 3804 1949 3845 a
1990 3780 2240 3866 Nepote
2273 3781 2675 3865 conscripta,
2705 3783 2949 3864 Ampe-

562 3890 721 3953 lium
765 3888 1103 3976 (capitibus
1133 3890 1250 3966 14,
1284 3888 1365 3952 15
1391 3935 1406 3965 ,
1438 3890 1557 3965 32,
1583 3887 1695 3951 ubi
1719 3888 1795 3951 de
1820 3897 2177 3951 exterarum
2203 3886 2491 3970 gentium
2519 3886 2784 3952 ducibus
2809 3886 2950 3970 agi·-

562 3999 688 4073 tur,
715 3995 1020 4080 exceptis)
1046 3999 1110 4059 et
1134 3993 1748 4061 Pseudo-Victorem
1774 4015 1904 4057 non
1932 3992 2248 4078 Nepotem
2275 3996 2385 4058 sed
2409 3992 2749 4077 Hyginum
2768 4013 2951 4057 secu-

647 4287 700 4354 1)
737 4284 998 4340 Rinckius
1033 4281 1243 4355 Proleg.
1280 4281 1347 4337 ad
1385 4282 1536 4336 Aem.
1574 4280 1735 4336 Proh.
1772 4280 1879 4336 edt.
1917 4280 2082 4335 Roth.
2120 4299 2171 4351 p.
2209 4282 2297 4335 13.

736 4370 1103 4426 TzschuckiuS.
1142 4368 1358 4423 Dissert.
1399 4366 1465 4422 de
1503 4368 1660 4437 Amp.
1701 4369 1749 4421 7.

736 4456 980 4512 Beckius.
1019 4454 1163 4515 Edit.
1208 4456 1363 4526 Amp.
1402 4473 1453 4525 p.
1496 4455 1581 4508 75.

737 4541 1085 4598 Woelfflinus.
1121 4540 1196 4600 1.l.
1233 4560 1288 4613 p.
1325 4542 1421 4606 32,
1457 4558 1567 4610 seq.
