3184 5342
1425 396 1552 460 103

1296 687 1572 763 XVIII.

374 880 567 966 Prop.
615 881 649 945 I
667 930 682 961 ,
738 884 818 949 18
841 933 856 963 ,
909 888 1015 952 21.

601 989 660 1052 Α
718 992 1015 1073 quotiens
1061 995 1136 1054 te
1153 1014 1198 1055 n
1213 1014 1247 1055 e
1261 1013 1294 1055 r
1310 1014 1347 1054 a
1363 1013 1392 1055 s
1439 993 1745 1055 resonant
1792 1012 1931 1053 mea
1978 989 2172 1053 verba
2220 989 2337 1052 sub
2386 988 2665 1053 umbras·

379 1092 864 1161 Emendandum
882 1117 899 1163 ζ
947 1118 992 1183 g
1009 1098 1082 1162 el
1101 1098 1124 1162 i
1141 1099 1184 1161 d
1199 1120 1236 1161 a
1250 1119 1298 1163 s.

1370 1346 1573 1419 XIX.

381 1542 522 1609 Tib.
570 1545 605 1609 I
625 1594 641 1623 ‚
693 1548 762 1623 6,
821 1548 856 1611 7
911 1600 925 1614 .

649 1652 739 1717 Et
782 1552 990 1738 siqluid
1036 1674 1327 1736 peccasse
1373 1656 1589 1737 puter,
1645 1652 1964 1734 ducarque
2012 1649 2254 1733 capillis

746 1758 1049 1822 Inmerito
1097 1779 1404 1842 pronas
1448 1756 1882 1841 proripiarque
1930 1758 2083 1821 vias,

380 1862 503 1925 Pro
550 1885 754 1947 pron
774 1886 858 1928 as
904 1863 1303 1929 scribendum
1351 1885 1393 1946 p
1413 1882 1497 1925 ro
1520 1886 1559 1925 n
1582 1884 1688 1927 us.

1405 2110 1565 2183 XX.

383 2308 499 2376 Ov.
547 2311 742 2375 Trist.
787 2309 856 2385 I,
906 2312 984 2383 4,
1033 2312 1094 2375 9.

655 2413 856 2478 Pinea
901 2417 1076 2479 texta
1123 2418 1395 2488 sonant,
1447 2437 1489 2498 p
1510 2415 1670 2478 ulsi
1718 2414 1986 2478 stridore
2032 2412 2345 2477 rudentes.

384 2520 772 2603 Recipienda
840 2524 936 2584 est
1002 2521 1293 2585 Merkelii
1363 2520 1729 2585 coniectura
1748 2568 1763 2596 ‚
1834 2519 1945 2603 qui
2014 2518 2187 2582 hunc
2266 2540 2513 2584 versum
2580 2520 2673 2585 ita

289 2626 634 2707 legendum
683 2646 814 2689 esse
861 2629 1113 2690 censet:

640 2731 844 2795 Pinea
887 2733 1067 2793 texta
1111 2733 1348 2795 sonant
1395 2730 1646 2817 pulsu
1667 2780 1683 2810 ,
1731 2733 2000 2797 stridore
2046 2733 2365 2799 rudentes,

1373 2927 1578 3053 XXI.

371 3238 504 3305 oio.
551 3260 666 3322 pro
714 3240 899 3305 Rosc.
951 3239 1168 3304 Amer.
1221 3240 1340 3317 28,
1394 3242 1500 3306 78.

372 3343 538 3419 Quid
585 3346 928 3410 facitis?
977 3368 1090 3410 cur
1135 3347 1484 3411 recusatis?
1558 3346 1862 3411 Dubitate
1909 3346 2099 3410 etiam
2153 3369 2362 3426 nunc,
2406 3348 2664 3427 iudices,

282 3448 338 3510 si
384 3451 649 3533 potestis
671 3498 687 3528 ,
736 3473 775 3514 a
820 3473 948 3536 quo
996 3453 1081 3517 sit
1125 3452 1268 3517 Sex.
1316 3452 1586 3518 Roscius
1631 3454 1891 3518 occisae.

374 3554 498 3619 Pro
541 3556 841 3622 facitis
886 3558 1198 3623 scribatur
1243 3560 1580 3624 tacetiS.

1353 3805 1598 3879 XXII.

370 4063 502 4129 Cic.
551 4087 666 4150 pro
715 4067 898 4132 Rosc.
952 4066 1168 4132 Amer.
1221 4067 1342 4143 29,
1397 4065 1502 4131 80.

371 4168 698 4235 Interdum
748 4172 904 4236 mihi
951 4172 1180 4236 videris
1201 4220 1216 4249 ‚
1266 4172 1490 4248 Eruci,
1541 4192 1672 4234 una
1690 4244 1699 4254 ο
1720 4173 2004 4237 mercede
2053 4176 2209 4238 duas
2257 4197 2357 4241 res
2404 4178 2663 4263 adsequi

283 4273 443 4338 velle
465 4323 481 4352 ‚
545 4297 660 4340 nos
709 4277 941 4341 iudicio
988 4277 1536 4361 perfundere,
1584 4298 1879 4343 accusare
1924 4281 2136 4344 autem
2183 4280 2385 4364 ipsOS‚
2434 4304 2473 4345 a
2518 4285 2661 4368 qui-

278 4379 400 4443 bus
448 4382 795 4446 mercedem
845 4383 1163 4467 accepisti.

369 4487 737 4571 Legendum
786 4488 1064 4554 »iudicio
1110 4488 1687 4574 pessundare”.
