3184 5342
1489 328 1572 393 75

330 512 430 581 IV
448 567 465 598 ‚
533 516 608 593 3,
671 514 714 579 4
769 514 892 580 hac
962 514 1040 579 de
1099 536 1169 579 re
1223 513 1444 599 paucis
1498 514 1669 579 inter
1725 538 1792 581 se
1837 514 2205 601 discrepant
2224 562 2239 593 ‚
2288 536 2450 599 quae
2496 516 2714 578 tamen

333 622 762 707 discrepantia
821 643 955 687 non
1015 620 1321 687 eiusmodi
1383 622 1481 685 est
1497 671 1514 705 ,
1564 624 1639 685 ut
1680 622 1872 706 plane
1916 621 2148 688 diversi
2184 622 2397 686 fontes
2442 619 2714 685 adhibiti

249 789 254 794 .
330 749 465 792 esse
510 729 779 812 putandi
827 728 976 794 sint.

421 832 607 898 Unus
686 833 1199 899 Pseudo-Victor
1284 831 1700 901 Coriolanum
1786 836 2109 901 consulem
2198 834 2357 900 facit
2390 833 2474 916 1);
2544 835 2716 919 apud

328 938 520 1003 Dion.
584 938 734 1005 Hal.
800 939 970 1025 VH,
1038 942 1162 1019 21,
1221 941 1392 1026 App.
1459 943 1538 1005 de
1600 942 1787 1006 rebus
1838 942 1973 1008 ital.
2037 941 2117 1006 fr.
2186 944 2264 1020 2,
2327 935 2496 1004 Plut.
2569 938 2714 1005 Cor.

332 1043 415 1109 15
485 1046 891 1111 consulatum
949 1051 1174 1132 petens
1232 1048 1549 1132 repulsam
1613 1047 1756 1113 fert.
1839 1046 2032 1133 Apud
2094 1068 2315 1112 omnes
2375 1047 2714 1131 scriptores

328 1146 708 1217 Coriolanus
769 1153 858 1218 M.
919 1153 1202 1219 Minucio
1247 1154 1330 1219 A.
1383 1153 1759 1240 Sempronio
1807 1154 2175 1220 consulibus
2222 1175 2287 1219 se
2332 1153 2505 1238 plebi
2548 1151 2713 1216 infe-

327 1256 679 1322 stissimum
722 1260 1036 1344 praebuit.
1087 1258 1247 1326 Cum
1289 1259 1617 1327 Coriolani
1655 1260 1991 1326 consulatu
2016 1264 2153 1326 arte
2177 1259 2512 1326 cohaerere
2538 1258 2713 1323 vide-

322 1367 433 1427 tur
476 1363 544 1427 id
566 1411 583 1441 ‚
631 1368 802 1447 quod
846 1388 1013 1431 unus
1059 1366 1567 1433 Pseudo-Victor
1611 1368 1862 1433 rettulit
1882 1415 1898 1445 ‚
1942 1366 2358 1435 Coriolanum
2381 1365 2714 1429 ›frumen-

327 1472 466 1532 tum
525 1491 762 1555 magno
811 1473 1015 1555 pretio
1055 1475 1341 1538 dandum
1385 1475 1626 1559 populo
1674 1473 1989 1540 curasse.”
2040 1471 2234 1557 Apud
2280 1493 2501 1537 omnes
2549 1471 2707 1535 alios

329 1574 665 1659 scriptores
686 1573 1061 1645 Coriolanus
1083 1580 1155 1644 in
1179 1584 1408 1646 senatu
1431 1581 1815 1646 sententiam
1840 1583 2104 1665 rogatus
2121 1578 2368 1643 censuit
2391 1597 2718 1642 annonam

330 1702 461 1744 non
482 1681 826 1747 laxandam
851 1706 984 1749 esse
1003 1732 1018 1762 ,
1045 1688 1156 1750 66(1
1181 1708 1259 1750 ex
1282 1687 1414 1751 eius
1436 1687 1757 1751 sententia
1780 1708 2105 1751 annonam
2130 1707 2261 1750 non
2282 1684 2553 1749 levatam
2582 1705 2717 1747 esse

331 1808 518 1851 nemo
543 1789 820 1874 scriptor
842 1791 968 1856 nisi
991 1791 1487 1857 Pseudo-Victor
1512 1792 1723 1857 refert.
1767 1792 2277 1857 Pseudo-Victor
2301 1788 2715 1857 Coriolanum

330 1893 452 1959 hoc
489 1898 683 1960 modo
718 1896 791 1959 in
829 1897 1078 1980 plebem
1119 1898 1322 1982 egisse
1359 1898 1558 1962 tradit
1579 1902 1702 1962 »ut
1719 1898 1839 1963 hac
1861 1899 2098 1964 iniuria
2121 1898 2301 1983 plebs
2326 1916 2515 1980 agros
2535 1942 2551 1973 ‚
2577 1916 2711 1959 non

331 2002 673 2067 seditiones
735 2003 1033 2069 coleret'’.
1094 2003 1222 2068 Hic
1283 2007 1419 2068 arte
1481 2004 1777 2069 cohaeret
1838 2027 1982 2069 cum
2031 2005 2211 2070 Livio
2256 2004 2327 2069 II
2350 2051 2367 2081 ‚
2419 2003 2504 2067 34
2524 2050 2539 2078 ‚
2594 2002 2673 2067 11
2698 2048 2714 2079 ,

332 2109 444 2173 ubi
492 2107 862 2174 Coriolanus
905 2110 998 2173 ita
1044 2110 1370 2195 disputat:
1425 2112 1665 2176 »audeo
1709 2112 1914 2177 dicere
1954 2110 2077 2176 hoc
2112 2101 2278 2175 malo
2304 2110 2576 2175 domitos
2598 2128 2717 2193 po-

328 2214 458 2278 tius
519 2216 794 2281 cultores
857 2236 1156 2299 agrorum
1215 2216 1352 2281 fore
1375 2266 1388 2292 ,
1454 2239 1645 2301 quam
1709 2221 1784 2282 ut
1854 2217 2085 2281 armati
2146 2238 2257 2300 per
2302 2216 2715 2281 secessionem

325 2320 455 2385 coli
517 2320 939 2404 prohibeant’'
1007 2320 1130 2406 (Of.
1197 2322 1369 2388 Flor.
1435 2323 1490 2401 Ι,
1556 2324 1637 2388 17
1658 2371 1673 2400 ,
1740 2326 1813 2389 3:
1878 2326 1995 2387 »ut
2056 2320 2466 2389 Coriolanum
2515 2321 2723 2401 colere

326 2447 522 2511 agros
565 2426 987 2512 iubentem'').
1033 2426 1223 2511 Apud
1262 2429 1518 2494 Livium
1556 2429 1646 2513 ΙΙ,
1676 2430 1781 2506 35,
1822 2430 1860 2493 2
1901 2429 2241 2494 tribuni
2280 2428 2503 2512 plebis,
2545 2429 2715 2511 apud

323 2534 507 2599 Plut.
564 2532 710 2597 Cor.
767 2534 847 2599 18
885 2533 1181 2598 tribunus
1219 2535 1422 2618 plebis
1460 2534 1532 2601 C.
1573 2535 1881 2613 SiciniuS‚
1925 2536 2093 2620 apud
2132 2534 2323 2599 Dion.
2363 2534 2511 2597 Hal.
2546 2532 2713 2615 VII,

325 2637 416 2703 58
445 2637 500 2724 2)
563 2642 627 2702 et
689 2639 1299 2704 Pseudo-Victorem
1361 2641 1605 2725 collega
1664 2643 1795 2706 eius
1858 2642 2084 2706 Decius
2147 2637 2487 2705 Coriolano
2546 2638 2716 2702 diem

325 2742 514 2807 dixit.
577 2741 772 2828 Apud
819 2743 1009 2809 Dion.
1058 2744 1416 2824 Ha1.-V11‚
1469 2749 1574 2811 64.
1628 2750 1711 2813 67
1762 2752 1825 2812 et
1869 2747 2023 2811 Plut
2088 2744 2233 2813 Cor.
2282 2746 2549 2810 20-24
2591 2743 2716 2810 Co-

323 2848 614 2913 riolanus
668 2849 769 2913 die
815 2849 986 2914 dicta
1031 2853 1212 2916 adest
1257 2856 1321 2916 et
1365 2875 1482 2937 pro
1527 2876 1593 2917 se
1641 2854 1834 2918 verba
1879 2854 2069 2929 facit3
2114 2856 2284 2937 apud
2322 2853 2576 2917 Livium
2612 2852 2679 2918 II
2699 2901 2715 2930 ‚

332 2954 419 3019 35
441 3001 457 3031 ‚
507 2955 548 3018 6
611 2955 789 3039 »ipse
854 2954 1285 3043 (Coriolanus)
1350 2980 1492 3024 cum
1555 2959 1659 3022 die
1706 2959 1875 3023 dicta
1922 2982 2054 3023 non
2102 2961 2381 3034 adesset,
2430 2979 2718 3041 perseve-

331 3060 546 3121 ratum
587 3060 657 3124 in
695 3060 792 3123 ira
839 3064 967 3138 est3
1014 3062 1356 3128 damnatus
1405 3065 1631 3128 absens
1677 3064 1746 3127 111
1795 3062 2061 3128 Volscos
2114 3063 2438 3127 exulatum
2488 3062 2717 3126 abiit.’'

338 3162 562 3247 Neque
608 3166 777 3250 apud
823 3166 1436 3235 Pseudo-Victorem
1484 3169 1863 3235 Coriolanus
1902 3174 2116 3235 adesse
2157 3170 2444 3247 videtur,
2484 3168 2595 3253 qui
2617 3167 2719 3233 his

337 3268 544 3334 verbis
601 3293 736 3337 rem
798 3262 1130 3341 describit:
1197 3276 1304 3339 »A
1370 3276 1630 3340 tribuno
1692 3275 1888 3341 Decio
1952 3276 2053 3340 die
2109 3276 2279 3340 dicta
2324 3276 2405 3339 ad
2451 3274 2721 3340 Volscos

405 3524 462 3593 1)
497 3522 740 3577 Momms
795 3522 979 3577 Herm.
1019 3522 1119 3577 IV.
1157 3543 1206 3596 p.
1245 3524 1314 3579 19
1343 3549 1390 3567 =
1419 3524 1632 3590 Quaest.
1668 3525 1827 3579 Rom.
1864 3524 1943 3578 Π.
1982 3544 2033 3597 p.
2066 3525 2172 3577 140
2208 3524 2275 3577 (16
2309 3522 2410 3577 hoc
2444 3522 2723 3578 consulatu

329 3608 410 3663 ita
463 3608 723 3681 disputat:
781 3609 994 3674 „Wenn
1045 3609 1218 3664 ferner
1271 3608 1354 3663 bei
1409 3609 1503 3664 der
1556 3610 2137 3681 Getreidevertheilung
2191 3608 2434 3663 Coriolan
2486 3607 2569 3663 bei
2616 3608 2719 3664 (1611

331 3698 699 3767 sogenannten
738 3694 922 3749 Victor
959 3694 1037 3749 als
1074 3693 1271 3751 Consul
1305 3694 1518 3750 auftritt
1553 3695 1803 3749 wahrcnd
1839 3694 2119 3767 Dionysios
2150 3695 2241 3750 ihu
2271 3694 2383 3749 sich
2415 3695 2718 3767 vergoblich

330 3800 425 3837 um
469 3782 564 3836 das
605 3781 860 3837 Consulat
895 3781 1177 3837 bewerben
1212 3780 1364 3849 lasst‚
1400 3782 1512 3837 und
1548 3800 1607 3835 er
1641 3780 1839 3835 sowohl
1876 3780 1975 3835 wie
2012 3780 2199 3835 Livius
2240 3780 2334 3835 ihn
2370 3779 2519 3835 nicht
2535 3799 2721 3852 wegen

328 3866 893 3939 Ambtshandlungen,
959 3867 1186 3923 sondern
1238 3867 1397 3923 allein
1451 3866 1578 3923 oder
1634 3867 1951 3939 wenigstens
2006 3868 2284 3923 zunachst.
2313 3887 2495 3940 weg-en
2550 3867 2721 3923 6611161·
2843 3860 2846 3863 ’

329 3952 712 4027 Abstimmung
753 3954 828 4009 im
877 3955 1039 4010 Sonat
1085 3974 1179 4009 zur
1233 3954 1681 4026 Verantwortung
1728 3954 1910 4009 ziehen
1958 3954 2127 4009 lassen
2142 3999 2158 4022 ‚
2208 3974 2267 4010 so
2312 3956 2380 4010 ist
2418 3955 2570 4011 allem
2609 3956 2723 4011 An-

328 4039 514 4095 schein
548 4040 684 4095 nach
723 4040 810 4095 die
846 4044 1043 4098 erstere
1079 4042 1317 4114 Fassung
1353 4041 1438 4098 die
1475 4040 1875 4113 urspriingliche
1908 4040 2017 4096 und
2058 4041 2142 4096 die
2178 4041 2360 4097 zweite
2396 4061 2499 4096 nur
2534 4042 2723 4097 daraus

329 4126 824 4200 hervorgegangen,
873 4126 994 4182 dass
1044 4126 1128 4183 (116
1162 4125 1594 4200 Magistratstafel
1633 4144 1740 4182 von
1779 4126 1898 4183 dem
1938 4128 2130 4183 Consul
2178 4129 2271 4183 Cn.
2311 4127 2541 4183 Marcius
2577 4128 2723 4184 Cori-

332 4214 520 4267 olanus
554 4232 614 4268 so
650 4213 822 4285 wenig
857 4217 1018 4269 etwas
1054 4218 1247 4269 wusste
1277 4214 1375 4269 wie
1389 4213 1482 4269 das
1501 4213 2153 4287 Triumphalverzeiclmiss
2176 4234 2278 4269 von
2299 4214 2394 4270 der
2411 4214 2724 4289 Etoberung

330 4296 555 4352 Coriolis
615 4298 726 4353 und
791 4300 978 4353 darum
1033 4299 1151 4354 eine
1200 4299 1598 4371 Ausgleichung
1645 4300 1985 4356 erforderlich
2034 4319 2143 4354 war
2157 4343 2172 4365 ,
2224 4300 2320 4355 wie
2368 4300 2441 4355 sic
2492 4301 2723 4357 deutlich

329 4400 510 4455 genug
546 4383 631 4439 bei
667 4383 942 4456 Dionysios
981 4385 1257 4457 vorliegtf'

408 4466 974 4539 2)Of.M0mms.l.1.
1011 4492 1063 4543 p.
1101 4474 1293 4544 12—p.
1334 4472 1456 4527 130.
1493 4471 1615 4527 adn.
1655 4475 1739 4527 39.
