3184 5342
1541 376 1730 445 '80

513 586 676 642 esse,
739 566 910 648 quod
957 563 1362 648 triumphans
1408 585 1597 628 curru
1642 563 1821 647 equis
1867 563 2028 627 albis
2072 564 2293 627 iuncto
2340 564 2561 646 urbem
2606 564 2911 630 invectus

511 673 696 737 esset.
746 670 931 736 Unus
975 674 1194 735 tamen
1240 670 1426 735 Diod.
1479 669 1601 735 Sic.
1650 669 1834 747 XIV,
1880 670 1961 734 17
2002 691 2145 734 eum
2183 670 2307 735 hac
2340 670 2509 735 dere
2532 674 2911 736 accusatum

521 798 656 842 esse
715 777 928 841 refert.
987 760 1195 861 rApud
1241 798 1462 841 omnes
1508 776 1667 839 alios
1712 775 2049 859 scriptores
2069 848 2074 853 ,
2094 775 2226 839 dies
2272 776 2545 841 Camillo
2590 777 2759 840 dicta
2802 778 2913 840 est

505 887 766 968 propter
811 885 1108 966 praedam
1158 882 1580 947 Veientanam
1628 882 1795 967 (Liv.
1846 881 1927 960 V,
1978 884 2087 960 32,
2140 884 2209 969 8)
2244 886 2308 967 ¹).
2363 883 2525 948 Cum
2558 884 2777 950 Servio
2816 884 2909 947 ad

514 989 678 1054 Aen.
752 988 885 1067 VI,
953 990 1120 1067 826,
1192 987 1363 1054 Flor.
1428 988 1494 1072 I,
1555 990 1663 1066 22,
1721 990 1785 1066 4,
1834 987 2017 1053 Eutr.
2067 991 2115 1067 Ι,
2165 989 2273 1067 20,
2322 988 2495 1055 Suid.
2545 1013 2605 1057 v.
2657 992 2908 1071 Φουρίος

511 1094 1027 1160 Pseudo-Victor
1085 1094 1288 1171 tradit
1346 1094 1404 1158 ei
1465 1094 1630 1158 diem
1690 1093 1928 1157 dictam
1991 1115 2123 1157 esse
2166 1096 2429 1178 propter
2476 1094 2913 1161 Veientanam

509 1202 812 1285 praedam
865 1222 1064 1264 »non
1116 1221 1380 1284 aequo
1426 1200 1599 1263 iure
1647 1198 2055 1263 divisam”.

599 1307 836 1372 Parum
905 1310 1200 1371 accurate
1261 1308 1340 1369 de
1405 1305 1747 1369 Fabiorum
1810 1304 2133 1390 legatione
2180 1306 2315 1390 egit
2358 1306 2911 1391 Pseudo-Victor3

508 1413 678 1497 apud
745 1434 919 1476 eum·
956 1414 1084 1476 tres
1141 1411 1326 1475 Fabii
1381 1412 1667 1476 Clusium
1719 1410 2086 1489 mittuntur,
2133 1410 2299 1475 unus
2344 1434 2419 1475 ex
2464 1412 2543 1476 iis
2584 1412 2655 1476 in
2702 1413 2916 1478 aciem

502 1520 809 1603 processit
855 1523 920 1582 et
967 1517 1296 1583 Senonum
1349 1518 1575 1581 ducem
1624 1516 1945 1581 interfecit
1971 1564 1987 1594 ,
2035 1520 2163 1581 tres
2202 1518 2397 1602 legati
2420 1518 2489 1581 in
2513 1518 2915 1583 deditionem

501 1625 686 1709 petiti
733 1627 904 1689 sunt.
956 1624 1109 1689 Tres
1155 1627 1312 1688 sunt
1357 1622 1478 1687 hac
1525 1626 1605 1687 de
1653 1644 1721 1687 re
1762 1622 2198 1688 narrationes:

593 1731 647 1795 I.
698 1735 826 1795 tres
891 1729 1089 1814 legati
1149 1734 1452 1814 pugnant
1511 1733 1576 1793 et
1642 1727 1812 1793 Galli
1871 1729 2203 1813 postulant
2257 1731 2333 1794 ut
2384 1733 2513 1795 tres
2580 1732 2909 1796 dedantur

502 1835 669 1920 (Liv.
717 1836 787 1909 V,
845 1837 950 1901 36.
1000 1834 1122 1899 Dio
1171 1834 1342 1901 Cass.
1396 1834 1475 1900 fr.
1529 1834 1650 1913 25,
1704 1836 1767 1913 2,
1819 1834 1975 1899 Zon.
2031 1835 2177 1915 VII,
2221 1837 2327 1913 23,
2352 1858 2417 1920 p.
2447 1835 2597 1901 355.
2626 1834 2699 1914 O,
2723 1836 2904 1922 App.

504 1942 582 2005 de
627 1941 760 2007 reb.
811 1940 976 2005 Gall.
1027 1940 1104 2004 fr.
1154 1940 1192 2005 3
1241 1963 1576 2004 numerum
1625 1941 1983 2024 legatorum
2029 1962 2164 2005 non
2210 1940 2567 2028 referunt).
2938 1971 2941 1974 ·

593 2046 684 2111 II.
733 2050 859 2109 tres
903 2045 1101 2130 legati
1147 2049 1462 2131 pugnant,
1503 2069 1538 2111 e
1582 2046 1813 2129 quibus
1857 2068 2022 2111 unus
2068 2047 2441 2131 agnoscitur
2478 2052 2545 2113 et
2586 2050 2899 2133 repetitur

501 2150 704 2237 (Plut.
757 2149 932 2216 cam.
988 2153 1092 2230 17,
1141 2138 1328 2218 Diod.
1381 2152 1485 2218 sio
1531 2151 1712 2238 XIV,
1771 2154 1947 2239 113).

590 2257 709 2322 ΙΙΙ.
757 2257 974 2323 Unum
1021 2262 1277 2323 tantum
1324 2259 1616 2343 legatum
1662 2262 2119 2323 commemorat
2166 2258 2339 2324 Plut.
2390 2259 2609 2325 Numa
2656 2261 2755 2325 12.

592 2363 1154 2429 Pseudo-Victoris
1201 2386 1375 2429 error
1420 2365 1571 2429 inde
1611 2367 1789 2429 ortus
1827 2385 1959 2428 esse
1998 2365 2271 2443 videtur,
2309 2369 2482 2449 quod
2507 2368 2697 2431 etiam
2724 2364 2892 2448 apud

504 2490 642 2546 eos,
705 2470 817 2553 qui
877 2472 1008 2534 tres
1071 2468 1303 2535 Fabios
1360 2471 1429 2535 in
1477 2470 1865 2535 deditionem
1914 2470 2150 2555 petitos
2196 2493 2327 2535 esse
2376 2474 2643 2535 tradunt
2662 2519 2677 2550 ,
2727 2492 2895 2536 unus

502 2595 538 2637 e
583 2572 797 2639 Fabiis
817 2622 833 2652 ,
880 2575 992 2658 qui
1038 2574 1364 2640 Senonum
1413 2577 1637 2641 ducem
1661 2575 1983 2641 interfecit
1999 2624 2015 2654 ,
2045 2576 2425 2660 agnoscitur.
2480 2574 2639 2639 Cum
2665 2596 2893 2637 omnes

501 2680 840 2762 scriptores
882 2682 964 2742 ad
988 2680 1221 2744 Alliam
1245 2703 1302 2745 a.
1322 2670 1390 2745 d.
1419 2681 1548 2746 XV
1573 2682 1720 2747 Kal.
1748 2680 1921 2747 Sext.
1948 2686 2307 2767 pugnatum
2332 2701 2463 2745 esse
2486 2678 2894 2756 tradiderint,

501 2783 1016 2849 Pseudo-Victor
1065 2789 1131 2849 et
1175 2786 1344 2849 Plut.
1398 2785 1647 2861 Quaest.
1702 2777 1888 2852 Rom.
1942 2787 2026 2851 25
2078 2810 2137 2853 a.
2187 2788 2247 2853 d.
2307 2786 2471 2852 XVI
2521 2784 2668 2849 Kal.
2716 2782 2894 2849 Sext.

504 2890 748 2954 cladem
785 2890 1136 2956 Alliensem
1169 2896 1494 2978 acceptam
1519 2915 1652 2958 esse
1678 2894 2086 2978 scripserunt.
2128 2892 2219 2957 At
2242 2891 2590 2956 rectissime
2612 2886 2895 2955 Momm-

503 3018 692 3061 senus
736 2996 980 3083 (Herm.
1018 2997 1208 3064 XIII.
1271 3022 1335 3083 p.
1381 2998 1891 3074 526=Quaest
1938 3000 2125 3065 Rom.
2165 2998 2254 3063 ΙΙ.
2292 3021 2356 3082 p.
2404 2996 2559 3062 315.
2602 2997 2751 3061 adn.
2781 2997 2893 3080 37)

501 3105 616 3167 aut
657 3103 856 3188 ipsius
897 3103 1460 3169 Pseudo-Victoris
1496 3107 1612 3169 aut
1649 3104 1893 3170 librarii
1934 3128 2145 3172 errore
2166 3104 2407 3169 factum
2435 3116 2568 3169 esse
2592 3102 2892 3180 ostendit,

499 3212 574 3273 ut
617 3209 739 3274 hoc
784 3211 924 3275 loco
971 3233 1010 3274 a
1055 3211 1278 3275 ceteris
1325 3211 1741 3295 scriptoribus
1787 3212 2189 3297 discreparet.
2240 3211 2370 3277 Ubi
2393 3214 2471 3275 de
2496 3233 2718 3276 senum
2746 3232 2893 3275 casu

502 3315 642 3400 agit
685 3315 1215 3396 Pseudo-Victor,
1265 3320 1400 3382 arte
1448 3318 1746 3382 cohaeret
1790 3340 1934 3382 cum
1982 3317 2119 3382 Liv'.
2149 3316 2233 3396 V,
2260 3318 2368 3395 41,
2397 3318 2469 3382 8:
2498 3317 2699 3381 »adeo
2722 3315 2893 3380 haud

499 3445 675 3489 secus
737 3446 930 3508 quam
992 3423 1426 3488 venerabundi
1489 3422 1912 3487 intuebantur
1966 3422 2035 3486 in
2092 3424 2344 3487 aedium
2400 3422 2733 3489 vestibulis
2794 3444 2893 3487 se-

499 3532 722 3595 dentes
784 3530 954 3595 viros
1017 3533 1270 3614 praeter
1314 3532 1616 3593 ornatum
1665 3527 2081 3612 habitumque
2128 3528 2411 3593 humano
2459 3529 2893 3614 augustiorem

501 3634 832 3700 maiestate
894 3635 1088 3707 etiam
1147 3657 1341 3719 quam
1402 3635 1617 3699 vultus
1674 3635 2080 3719 gravitasque
2132 3633 2261 3698 oris
2306 3656 2459 3719 prae
2496 3657 2564 3699 se
2611 3634 2857 3699 ferebat
2877 3683 2896 3719 ,

501 3738 859 3806 simillimos
923 3741 1086 3819 dis,”
1153 3745 1218 3806 et
1277 3740 1468 3807 Floro
1524 3740 1590 3819 Ι,
1661 3741 1724 3819 7,
1791 3742 1877 3807 14
1904 3741 2059 3809 »ibi
2108 3742 2398 3805 sedentes
2444 3740 2516 3805 in
2564 3740 2893 3805 curulibus

499 3845 630 3912 suis
669 3849 1102 3932 praetextatos
1145 3869 1328 3912 senes
1364 3848 1539 3913 velut
1579 3847 1732 3911 deos
1775 3846 2122 3932 geniosque
2159 3845 2443 3912 venerati
2466 3866 2617 3910 mox
2642 3848 2895 3911 eosdem

497 3956 836 4037 postquam
906 3975 1038 4017 esse
1087 3953 1378 4018 homines
1423 3953 1711 4037 liquebat
1730 4000 1746 4032 ,
1796 3954 2079 4018 adlocuti
2097 4001 2113 4033 ,
2161 3952 2327 4018 nihil
2373 3954 2753 4037 respondere
2798 3953 2893 4017 di-

497 4061 773 4142 gnantes
811 4058 952 4143 pari
998 4059 1292 4123 vecordia
1339 4059 1691 4125 mactant”.
1740 4058 1883 4124 Liv.
1932 4059 2015 4138 V,
2066 4061 2172 4138 39,
2223 4060 2263 4124 9
2312 4063 2378 4123 et
2405 4058 2558 4125 Zon.
2588 4059 2756 4143 VII,
2786 4060 2895 4126 28.

497 4185 561 4247 p.
621 4163 774 4228 355.
839 4162 900 4228 D
962 4168 1467 4229 commemorant
1513 4166 1916 4231 iuventutem
1963 4188 2108 4230 cum
2157 4165 2533 4250 coniugibus
2575 4169 2642 4229 et
2680 4166 2901 4230 liberis

509 4414 627 4553 Mi)
666 4412 750 4553 οξ
782 4412 928 4469 Plut.
969 4413 1116 4469 cam.
1145 4414 1240 4493 ie,
1275 4412 1397 4470 Dio.
1448 4383 1691 4470 Casas.
1730 4415 1815 4476 24,
1854 4417 1905 4477 4,
1956 4414 2083 4469 Zon.
2118 4413 2261 4482 vn,
2298 4414 2383 4469 22.
2420 4430 2472 4484 p.
2510 4413 2632 4467 354..
2668 4412 2738 4474 n,
2776 4412 2901 4468 val.

575 4516 660 4554 ax.
758 4542 778 4567 ,
816 4500 878 4568 3,
917 4501 966 4555 2.
1153 4532 1158 4535 -
2289 4507 2295 4513 '
