3184 5342
1665 389 1750 452 28

518 571 669 654 quia
714 569 957 634 Gellius
1004 591 1137 634 non
1187 592 1433 653 semper
1479 570 1698 634 omnia
1716 618 1731 647 ‚
1783 593 1948 655 quae
1994 575 2071 635 de
2112 575 2333 636 eodem
2371 571 2632 635 homine
2673 571 2905 653 tradit,

522 699 597 740 ex
645 677 865 741 eodem
912 681 1167 741 auctore
1211 677 1425 743 hausit
1445 676 1515 761 1).
1556 679 1694 743 Iam
1736 679 1998 762 exposui
2037 677 2286 743 nullum
2311 681 2638 762 praeterea
2657 675 2910 761 Hygini

523 783 733 847 locum
779 782 965 847 nobis
1024 805 1347 867 superesse
1366 831 1381 861 ‚
1430 784 1541 849 ubi
1587 805 1731 848 cum
1778 784 2322 850 Pseudo-Victore
2366 784 2684 866 congruit.
2733 782 2911 848 Num

522 889 673 954 licet
733 892 867 952 tam
926 887 1193 953 exilibus
1248 891 1644 974 argumentis
1707 884 1873 956 freto
1935 892 2249 957 affirmare
2289 887 2904 957 Pseudo-Victorem

524 1018 602 1059 ex
651 994 916 1080 Hygino
966 997 1289 1079 pendere?

615 1103 754 1167 Iam
837 1103 1022 1167 nobis
1108 1106 1427 1187 agendum
1515 1108 1613 1169 est
1692 1106 1770 1170 de
1854 1105 2028 1170 Flori
2105 1104 2421 1189 vestigiis,
2507 1123 2670 1186 quae
2742 1105 2914 1186 apud

527 1209 1140 1275 Pseudo-Victorem
1225 1210 1661 1275 inveniuntur.
1759 1211 2306 1276 Hildesheimerus
2377 1210 2469 1295 (p.
2545 1209 2658 1292 31)
2730 1207 2915 1271 reicit

527 1314 877 1379 Woelfflini
918 1318 984 1380 et
1027 1313 1299 1399 Hauptii
1347 1317 1696 1382 sententias
1716 1365 1731 1396 ‚
1779 1317 1891 1402 qui
1929 1316 2494 1383 Pseudo-Victoris
2534 1336 2680 1379 cum
2721 1312 2911 1377 Floro

525 1443 905 1485 consensum
949 1421 1100 1486 inde
1144 1426 1353 1486 ortum
1403 1445 1535 1488 esse
1580 1428 1852 1508 putant,
1901 1427 2070 1508 quod
2109 1426 2377 1508 uterque
2417 1445 2452 1486 e
2494 1419 2757 1505 Hygino
2799 1422 2914 1482 aut

528 1552 562 1593 e
609 1528 860 1612 Nepote
905 1531 1201 1613 pendeat.
1244 1529 1515 1594 »Procul
1554 1531 1727 1596 enim
1753 1553 1792 1594 a
1814 1530 2264 1615 probabilitate
2288 1529 2627 1593 abhorrere
2650 1525 2910 1590 Florum

528 1635 887 1701 universam
949 1635 1185 1699 liberae
1247 1635 1628 1719 reipublicae
1685 1636 2020 1701 historiam
2084 1635 2580 1722 pei-scribentem
2625 1632 2788 1696 libro
2833 1635 2915 1696 de

528 1742 680 1807 viris
722 1742 1080 1806 illustribus
1125 1765 1310 1807 usum
1359 1745 1556 1807 esse.”
1607 1743 1852 1808 Deinde
1895 1764 2136 1808 errores
2158 1790 2173 1821 ‚
2199 1762 2358 1826 quos
2382 1742 2633 1825 praeter
2655 1738 2913 1802 Florum

530 1852 595 1912 et
654 1847 1259 1913 Pseudo-Victorem
1308 1849 1523 1914 nullus
1568 1850 1729 1914 alius
1779 1849 2199 1926 commiserit,
2250 1869 2326 1912 ex
2375 1839 2700 1911 communi
2737 1845 2916 1909 fonte

529 1953 782 2018 fluxisse
829 1975 961 2019 non
1008 1976 1227 2039 posse,
1286 1951 1518 2020 »immo
1566 1957 1721 2020 satis
1767 1977 2079 2041 superque
2125 1958 2418 2020 constare
2465 1953 2650 2017 illum
2693 1954 2916 2038 populi

531 2058 809 2124 Romani
847 2060 1241 2126 laudatorem
1290 2065 1353 2126 et
1399 2084 1775 2147 praeconem
1826 2062 2094 2127 consilio
2141 2065 2366 2127 contra
2413 2081 2667 2124 omnem
2710 2059 2915 2124 histo-

532 2166 663 2230 riae
709 2166 901 2230 fidem
946 2189 1045 2232 res
1094 2169 1511 2252 corrupisse.”
1560 2167 1682 2234 Sed
1730 2169 2021 2253 quamvis
2071 2167 2257 2232 multi
2295 2188 2536 2233 errores
2577 2169 2748 2249 apud
2769 2165 2914 2232 Flo-

533 2294 674 2336 rum
737 2271 1036 2357 legantur
1096 2277 1315 2338 tamen
1376 2274 1606 2338 horum
1669 2275 1856 2357 culpa
1916 2295 2102 2358 saepe
2157 2294 2292 2338 non
2339 2275 2471 2336 tam
2519 2271 2644 2356 ipsi
2689 2270 2872 2335 Floro
2891 2316 2906 2344 ,

534 2399 726 2461 quam
790 2380 1033 2445 auctori
1052 2428 1067 2458 ‚
1132 2404 1320 2465 quem
1368 2385 1621 2448 secutus
1669 2387 1791 2465 est,
1842 2382 2224 2465 imputanda
2268 2381 2540 2446 videtur.
2614 2379 2912 2461 Persaepe

536 2485 705 2547 enim
752 2494 817 2548 et
860 2487 1392 2566 Pseudo-Victor,
1442 2489 1552 2554 ubi
1603 2510 1730 2553 non
1780 2510 1815 2553 e
1861 2487 2048 2552 Floro
2095 2487 2366 2571 pendere
2413 2489 2662 2570 potest,
2713 2484 2919 2558 errat,

534 2590 706 2654 unde
787 2592 1216 2678 colligendum
1300 2597 1622 2660 auctorem
1643 2643 1658 2674 ‚
1745 2616 1932 2679 quem
2017 2591 2524 2658 Pseudo-Victor
2609 2589 2915 2669 sequitur,

536 2719 719 2782 saepe
765 2720 863 2763 res
909 2722 1104 2783 prave
1152 2722 1459 2766 narrasse.
1511 2699 1642 2766 Gur
1686 2706 1897 2766 autem
1946 2722 2187 2766 errores
2205 2747 2220 2777 ‚
2270 2699 2381 2783 qui
2426 2692 2595 2780 apud
2631 2689 2916 2754 Pseudo-

537 2802 864 2869 Victorem
913 2809 976 2871 et
1019 2807 1278 2873 Florum
1330 2808 1497 2873 solos
1542 2808 1979 2884 inveniuntur,
2031 2827 2162 2870 non
2210 2827 2286 2868 ex
2332 2805 2551 2868 eodem
2589 2797 2768 2861 fonte
2792 2816 2920 2879 quo

538 2910 731 2974 ceteri
792 2933 1084 2979 manasse
1154 2917 1427 2998 possunt
1478 2918 1543 2978 et
1602 2919 1937 2999 propterea
1997 2914 2262 2995 uterque
2308 2930 2545 2974 errasse
2589 2907 2918 2992 putandus

538 3019 664 3098 est,
702 3019 872 3101 quod
918 3043 951 3082 e
990 3021 1310 3084 communi
1356 3020 1537 3086 fonte
1576 3021 1908 3106 pendent?
1944 3019 2283 3083 Praeterea
2305 3014 2648 3079 nonnullos
2683 3033 2923 3077 errores

541 3143 578 3184 a
640 3109 799 3187 solo'
833 3124 1376 3191 Pseudo-Victore
1435 3127 1803 3193 commissos
1867 3126 2016 3189 inde
2078 3123 2336 3187 fluxisse
2384 3119 2924 3186 Hildesheimerus

538 3228 781 3293 iudicat
842 3232 1055 3316 »quod
1117 3237 1353 3298 temere
1409 3237 1472 3298 et
1535 3233 1972 3317 imprudenter
2034 3228 2205 3293 Flori
2270 3227 2556 3310 vestigiis
2599 3223 2922 3289 insistat.'’

541 3334 648 3398 »N
652 3357 753 3399 am
826 3336 1108 3402 Menenii
1126 3386 1141 3417 ‚
1215 3336 1571 3417 Coriolani,
1635 3338 1865 3403 Licinii
1927 3334 2212 3400 Stolonis
2232 3380 2247 3411 ‚
2302 3332 2373 3395 L.
2427 3331 2716 3416 Verginii
2761 3331 2927 3396 vitas

542 3443 864 3506 auctorem
936 3446 1014 3508 de
1081 3445 1195 3509 vir.
1267 3445 1355 3512 ill.
1430 3467 1725 3530 perverso
1796 3442 2100 3527 temporis
2161 3439 2384 3504 ordine
2443 3459 2714 3504 conexas
2774 3456 2926 3521 pro-

542 3567 809 3630 ponere,
889 3549 1146 3615 Florum
1218 3556 1385 3616 certe
1452 3555 1740 3616 secutum
1761 3597 1776 3628 ‚
1849 3548 1959 3633 qui
2029 3549 2101 3610 in
2171 3544 2414 3629 capite,
2484 3565 2612 3628 quo
2682 3543 2760 3606 de
2828 3562 2927 3605 se-

544 3651 895 3720 ditionibus
958 3658 1096 3741 agit
1154 3657 1213 3742 (I
1235 3706 1251 3736 ‚
1322 3659 1464 3744 17),
1516 3658 1662 3722 illos
1710 3657 1879 3721 viros
1926 3652 2303 3719 coniunctos
2351 3648 2640 3713 afferat.’'
2686 3647 2929 3713 Verum

543 3779 686 3822 eum
763 3761 1329 3829 Pseudo-Victoris
1398 3786 1672 3829 errorem
1748 3786 1782 3827 e
1851 3761 2040 3826 Floro
2111 3760 2320 3822 ortum
2391 3777 2525 3820 esse
2593 3775 2725 3817 non
2797 3753 2931 3817 veri

543 3863 748 3928 simile
810 3870 924 3932 est.
997 3868 1165 3933 Nam
1235 3871 1287 3934 si
1355 3871 1422 3934 id
1484 3869 1575 3933 ita
1637 3870 1835 3946 esset,
1887 3863 2394 3931 Pseudo-Victor
2439 3863 2710 3925 eundem
2757 3859 2928 3923 ordi-

617 4083 673 4151 1)
714 4083 926 4153 Quanta
961 4085 1195 4156 pericula
1230 4085 1318 4140 ille
1354 4083 1659 4156 disputandi
1693 4083 1882 4138 modus
1919 4099 2094 4136 secum
2129 4079 2340 4144 afferat,
2372 4076 2667 4132 luculenter
2699 4075 2934 4131 ostendit

546 4167 746 4224 Gellius
794 4171 909 4237 III,
950 4175 1009 4237 8,
1064 4191 1185 4226 nam
1240 4173 1423 4227 eodem
1472 4171 1616 4235 iure,
1655 4189 1761 4241 quo
1802 4167 2255 4224 Hildesheimerus
2293 4163 2519 4218 Gellium
2557 4163 2667 4228 IV,
2708 4165 2768 4227 8,
2808 4165 2837 4216 7
2879 4165 2934 4217 et

546 4253 712 4309 XVII
726 4299 741 4322 2
788 4259 854 4311 21
868 4301 883 4324 ‚
925 4261 993 4313 39
1043 4279 1107 4317 ex
1158 4259 1374 4332 Hygino
1410 4259 1639 4330 pendere
1676 4255 1934 4321 coniecit,
1975 4273 2092 4310 eum
2133 4252 2314 4308 iisdem
2353 4250 2482 4305 locis
2518 4249 2786 4305 Valerium
2825 4249 2934 4303 An·

545 4340 727 4397 tiatem
788 4349 882 4400 aut
927 4346 1205 4401 Claudium
1256 4344 1660 4418 Quadrigarium
1711 4346 1951 4418 secutum
1996 4359 2107 4396 esse
2157 4339 2274 4410 quis
2326 4336 2644 4393 contendere
2694 4338 2931 4409 poterat,

547 4449 577 4485 e
622 4430 813 4501 quibus
862 4433 1063 4489 Gellius
1110 4435 1224 4500 ΠΙ,
1274 4436 1304 4488 8
1352 4451 1409 4488 se
1456 4431 1624 4487 simile
1671 4430 1738 4486 de
1784 4427 2012 4484 Fabricii
2045 4426 2326 4483 severitate
2361 4423 2654 4497 exemplum
2691 4423 2934 4492 desump-

549 4518 677 4573 sisse
714 4519 1005 4591 profitetur.
2848 4515 2852 4520 ’
