3184 5342
1690 379 1778 446 84

550 566 839 631 Primum
911 563 1417 629 Pseudo-Victor
1486 564 1563 626 de
1625 564 1884 628 consule
1945 562 2201 628 Valerio
2263 564 2624 629 Maximo
2650 561 2705 648 1)
2763 564 2938 648 agit,

554 694 743 756 quem
798 669 1021 735 Livius
1066 669 1298 753 aliique
1346 669 1625 734 Corvum
1649 669 1750 733 vel
1775 667 2124 735 Corvinum
2147 669 2389 734 dicunt.
2441 671 2539 735 At
2559 668 2654 732 illi
2680 668 2941 733 Valerio

552 777 903 842 Maximum
969 795 1327 859 cognomen
1397 774 1674 838 inditum
1743 774 1938 840 fuisse
2003 779 2254 859 praeter
2321 775 2940 839 Pseudo-Victorem

552 883 714 950 Gell.
765 882 884 960 IX,
935 883 1040 958 11,
1095 885 1123 944 l
1180 880 1299 955 (De
1347 880 1703 944 Maximo
1752 879 2045 957 Valeri0‚
2095 881 2206 963 qui
2232 880 2550 945 Corvinus
2577 881 2938 964 appellatus

478 1071 485 1076 ,
549 991 671 1075 est)
708 993 773 1053 et
810 988 966 1053 Zon.
1007 986 1157 1064 VII,
1198 987 1300 1051 25.
1346 1009 1408 1070 p.
1452 987 1604 1052 361.
1646 984 1706 1049 D
1746 988 2108 1070 (Οὐαλέριος
2157 987 2410 1064 Μάρκος
2437 987 2463 1048 ὅ
2491 990 2598 1049 τοῦ
2627 984 2930 1060 Μαξίμου

548 1096 774 1161 ἐκείνου
812 1092 1094 1178 ἔγγονος)
1136 1095 1666 1158 memoraverunt.
1719 1093 1924 1158 Nemo
1966 1093 2236 1175 scriptor
2270 1092 2394 1156 nisi
2420 1091 2939 1156 Pseudo-Victor

548 1222 784 1265 nomen
855 1199 1094 1263 montis
1113 1247 1127 1276 ‚
1200 1199 1311 1261 ubi
1380 1197 1714 1262 Cornelius
1783 1197 2012 1262 Cossus
2081 1198 2461 1261 interclusus
2509 1200 2640 1274 est,
2691 1197 2938 1273 tradit3

546 1307 755 1391 prima
800 1305 990 1369 huius
1038 1304 1189 1368 belli
1234 1324 1457 1388 pugna
1503 1307 1585 1367 ad
1633 1303 1913 1368 Gaurum
1963 1307 2246 1367 montem
2289 1325 2327 1366 a
2374 1302 2631 1367 Valerio
2678 1303 2938 1368 consule

550 1412 884 1478 commissa
930 1413 1057 1488 est;
1110 1413 1225 1474 aut
1266 1409 1465 1494 igitur
1509 1410 1580 1474 in
1627 1411 1904 1475 eiusdem
1955 1411 2194 1474 montis
2235 1411 2580 1493 angusfiiS,
2625 1410 2703 1473 ad
2746 1432 2938 1493 quem

550 1519 825 1603 primum
892 1520 1253 1602 pugnatum
1322 1520 1457 1594 est,
1523 1516 1704 1581 Cossi
1765 1517 2074 1581 exercitus
2134 1538 2334 1599 paene
2398 1515 2644 1580 interiit
2667 1513 2722 1597 ὓ)
2742 1563 2757 1593 ,
2821 1521 2939 1580 aut

551 1623 1052 1690 Pseudo-Victor
1113 1644 1321 1686 errore
1382 1623 1595 1706 lapsus
1642 1623 1908 1688 Decium
1955 1623 2199 1687 facinus
2251 1626 2472 1688 eodem
2519 1623 2658 1687 loco
2707 1644 2936 1707 perpe-

550 1733 828 1795 trantem
873 1729 1031 1795 facit
1050 1777 1065 1808 ‚
1115 1730 1226 1793 ubi
1270 1730 1460 1814 paulo
1497 1732 1646 1794 ante
1685 1753 1724 1794 a
1761 1729 2022 1793 Valerio
2064 1731 2374 1794 certatum
2414 1732 2530 1794 est.
2572 1716 2958 1794 Nonnullos'

546 1835 715 1900 viros
759 1836 979 1900 doctos
1022 1835 1290 1900 offendit
1329 1835 1598 1898 verbum
1635 1836 1977 1918 terruit,
2012 1835 2184 1918 quod
2226 1854 2431 1919 neque
2472 1833 2700 1899 Decius
2723 1834 2937 1899 hostes

546 1962 884 2027 aggressus
945 1942 1029 2006 sit
1076 1962 1280 2025 neque
1326 1941 1403 2004 iis
1449 1943 1711 2024 propter
1758 1963 1988 2023 parvas
2038 1941 2251 2024 copias
2297 1945 2603 2005 terrorem
2651 1941 2933 2006 incutere

546 2045 845 2131 potuerit.
897 2047 993 2111 At
1039 2047 1381 2112 rectissime
1428 2046 1756 2111 Grunerus
1803 2047 2129 2131 vulgatam
2167 2047 2509 2112 lectionem
2533 2047 2927 2112 retinendam

546 2175 678 2218 esse
740 2152 1050 2230 ostendit,
1116 2154 1225 2237 qui
1269 2154 1443 2217 hunc
1491 2153 1701 2216 locum
1749 2153 2147 2236 comparavit
2195 2174 2340 2217 cum
2387 2153 2572 2218 Livio
2623 2152 2773 2231 VII,
2825 2155 2916 2236 34,

548 2261 624 2325 8:
717 2259 915 2326 »Inde
987 2260 1408 2324 admiratione
1478 2258 1992 2342 paventibus
2061 2259 2308 2323 cunctis
2378 2259 2717 2344 (hostibus)
2783 2281 2913 2323 cum

548 2365 831 2429 omnium
877 2365 948 2428 in
995 2345 1060 2430 se
1107 2366 1400 2430 vertisset
1448 2364 1676 2429 oculos.
1713 2368 1776 2428 et
1823 2363 2100 2448 spatium
2150 2365 2396 2429 consuli
2445 2365 2620 2430 dedit
2661 2369 2741 2430 ad
2781 2365 2920 2430 sub-

546 2473 905 2535 ducendum
955 2492 1187 2557 agmen
1230 2472 1298 2534 in
1340 2472 1698 2554 aequiorem
1739 2470 1971 2547 locum,
2011 2475 2075 2534 et
2115 2472 2344 2554 ipsein
2370 2494 2618 2536 summo
2647 2472 2929 2536 constitit

543 2577 841 2642 vertice''.
894 2577 1159 2643 Decium
1206 2577 1403 2643 civica
1451 2598 1687 2641 corona
1735 2579 2040 2641 donatum
2088 2599 2222 2642 esse
2261 2578 2380 2641 soli
2423 2577 2926 2642 Pseudo-Victor

542 2689 609 2746 et
669 2682 835 2748 Plin.
898 2681 1049 2748 Nat.
1110 2683 1282 2747 Hist.
1348 2681 1539 2760 XVI,
1597 2683 1674 2747 11
1709 2683 1761 2766 ³)
1809 2685 2112 2759 narrant3
2163 2687 2233 2747 at
2280 2683 2383 2746 hic
2431 2705 2698 2747 errorem
2747 2705 2918 2747 com-

545 2787 849 2870 mittunt3
912 2789 1167 2850 constat
1214 2788 1383 2851 enim
1432 2808 1734 2864 coronam
1781 2789 2044 2853 civicam
2085 2789 2471 2873 »singularis
2518 2791 2772 2873 signum
2826 2811 2926 2852 sa-

540 2890 737 2954 lutis'’
786 2913 955 2968 esse;
1005 2896 1230 2956 contra
1274 2913 1509 2957 corona
1558 2892 1972 2958 obsidionalis
2022 2895 2346 2959 »diversos
2396 2896 2560 2960 cives
2603 2895 2928 2959 servatos”

540 2997 919 3062 testificatur
957 2998 1081 3083 (Of.
1133 2999 1298 3062 Plin.
1348 2999 1495 3064 Nat.
1551 3000 1721 3066 Hist.
1774 3000 1992 3078 XXII,
2045 3003 2082 3066 8
2133 3005 2196 3064 et
2242 3000 2411 3066 Fest.
2461 3025 2509 3066 s.
2570 3023 2625 3066 v.
2651 3001 2930 3066 obsidio-

543 3102 752 3186 nalis).
820 3103 1041 3168 Livius
1107 3103 1267 3180 VII,
1320 3105 1425 3182 37,
1474 3104 1641 3168 Plin.
1693 3105 1807 3182 1.l.,
1857 3105 2028 3170 Fest.
2079 3106 2170 3172 1.l.
2212 3108 2482 3171 tradunt
2531 3106 2727 3172 Decio
2776 3109 2931 3172 duas

542 3227 808 3272 coronas
878 3209 1301 3274 obsidionales
1320 3257 1335 3287 ‚
1400 3210 1666 3274 alteram
1729 3211 1809 3275 ab
1885 3213 2181 3276 universo
2249 3213 2532 3277 exercitu
2579 3207 2845 3278 a‘lteram
2896 3237 2933 3276 a

544 3314 855 3378 militibus
878 3362 894 3391 ,
955 3315 1186 3398 quibus
1243 3320 1591 3400 praeesset,
1643 3317 1822 3382 datas
1872 3340 2004 3383 esse
2026 3365 2042 3396 ‚
2084 3322 2410 3403 praeterea
2455 3341 2646 3384 aurea
2697 3341 2935 3384 corona

544 3440 689 3483 eum
737 3442 775 3483 a
834 3420 1091 3484 consule
1138 3423 1448 3484 donatum
1496 3443 1628 3484 esse
1676 3422 1892 3487 Livius
1935 3427 2262 3490 memorat.
2313 3425 2436 3490 Sed
2482 3427 2609 3489 iam
2657 3426 2934 3489 vidimus

542 3523 1161 3603 Pseudo-Victorem,
1201 3526 1311 3589 ubi
1358 3527 1434 3590 de
1482 3529 1734 3592 coronis
1779 3532 1965 3612 agat,
2017 3551 2226 3594 errore
2271 3532 2522 3615 lapsum
2571 3554 2704 3596 esse
2731 3533 2802 3616 ⁴).
2869 3530 2937 3595 Si

546 3629 740 3694 verba
793 3630 912 3694 »de
956 3652 1229 3714 quercu,
1278 3655 1440 3716 quae
1486 3633 1760 3698 dabatur
1802 3635 1892 3718 ei,
1935 3635 2047 3724 qui
2087 3637 2253 3700 cives
2293 3637 2361 3700 in
2390 3637 2557 3701 bello
2585 3642 2898 3702 servasset
2918 3659 2932 3720 ;

611 3979 666 4047 1)
705 3978 961 4033 Nonnulli
1015 3980 1217 4035 codices
1268 3980 1400 4047 „sub
1450 3981 1665 4037 Valerio
1719 3983 1986 4040 Corvino’'
2033 3987 2297 4042 exhibent.
2356 3989 2482 4043 Non
2517 4005 2648 4060 opus
2687 3993 2769 4044 est
2807 4007 2930 4044 cum

538 4065 848 4120 Schroetero
883 4070 1070 4137 putare
1107 4066 1611 4122 Pseudo-Victorem
1625 4112 1641 4135 ,
1689 4069 1944 4125 Valerium
1986 4072 2275 4133 Corvinum
2313 4092 2432 4130 cum
2451 4075 2668 4130 Valerio
2687 4075 2930 4130 Maximo

538 4151 761 4224 quodam
777 4194 792 4217 ,
828 4151 896 4206 de
930 4171 1035 4224 quo
1071 4153 1179 4225 egit
1217 4153 1325 4208 Cic.
1364 4154 1515 4209 Brut.
1557 4157 1625 4209 14
1639 4198 1655 4218 ,
1695 4158 1729 4208 4
1742 4199 1757 4221 ,
1797 4157 2109 4214 confudisse.

613 4239 667 4308 2)
709 4239 784 4293 Cf.
821 4238 1079 4294 Niebuhr.
1119 4240 1263 4295 Hist.
1306 4241 1465 4295 Rom.
1504 4241 1609 4296 111.
1648 4262 1700 4314 p.
1741 4244 1862 4298 139.

612 4326 667 4392 3)
709 4323 913 4379 Plinius
956 4324 1069 4397 ipse
1121 4326 1317 4392 XXII,
1358 4329 1388 4380 8
1426 4332 1743 4400 argumenta
1782 4329 1990 4396 attulit,
2028 4331 2213 4403 quibus
2259 4351 2402 4405 quae
2435 4333 2522 4388 hic
2558 4334 2719 4389 refert
2753 4333 2938 4388 redar-

538 4413 792 4484 guuntur.
2123 4421 2126 4424 ’

611 4499 667 4566 4)
704 4496 783 4552 Of.
820 4515 980 4570 supra
1014 4518 1065 4570 p.
1110 4501 1193 4552 73.
1233 4498 1354 4554 adn.
1398 4501 1451 4554 1.
