3184 5342
1614 411 1832 474 .20

688 595 911 680 Neque
955 595 1156 679 pluris
1198 593 1522 658 faciendus
1566 595 1664 656 est
1709 592 1870 656 alter
1916 591 2242 657 Plutarchi
2297 593 2471 658 locus
2489 641 2504 670 ‚
2563 595 2744 658 cuius
2789 616 2982 678 supra

596 702 839 768 mentio
876 701 1049 766 facta
1086 703 1185 766 est
1200 747 1215 778 ,
1240 699 1352 764 ubi
1376 698 1694 783 Nepotem
1718 699 1796 762 de
1820 697 2110 763 Marcelli
2131 698 2379 764 ossibus
2403 699 2620 764 eadem
2644 701 2982 765 tradidisse

592 809 847 893 scripsit
864 855 881 886 ,
944 829 1107 891 quae
1153 806 1325 890 apud
1372 802 1981 870 Pseudo-Victorem
2026 804 2463 870 inveniuntur.
2527 804 2698 870 Hinc
2744 805 2980 889 Haup-

591 916 719 980 tius
764 913 1027 998 collegit
1071 910 1685 978 Pseudo-Victorem
1737 910 1843 975 hic
1889 932 1923 974 e
1961 910 2213 994 Nepote
2251 911 2546 994 pendere.
2597 910 2979 976 Plutarchus

592 1021 790 1087 Marc.
843 1021 949 1098 30,
998 1024 1337 1104 postquam
1383 1017 1652 1094 tradidit
1693 1016 1980 1082 Marcelli
2027 1037 2256 1101 corpus
2303 1017 2386 1081 ab
2409 1015 2778 1082 Hannibale
2803 1039 2979 1084 com-

590 1128 847 1192 bustum
868 1175 883 1204 ‚
933 1125 1231 1209 reliquias
1250 1172 1266 1202 ,
1313 1145 1456 1188 cum
1497 1123 1769 1188 Romam
1806 1123 2316 1201 remitterentur,
2359 1145 2398 1186 a
2436 1121 2735 1188 Numidis
2773 1125 2977 1192 inter-

591 1236 807 1317 ceptas
854 1234 920 1296 et
964 1232 1300 1315 dissipatas
1347 1251 1481 1294 esse
1528 1229 1598 1293 in
1646 1229 1818 1294 hunc
1865 1229 2125 1294 modum
2174 1229 2420 1314 pergit:
2469 1233 2703 1295 Ταῦτα
2743 1231 2853 1307 μὲν
2881 1226 2977 1295 οὖν

590 1341 643 1404 οἱ
686 1341 818 1418 περὶ
869 1339 1184 1418 Κορνήλιον
1233 1335 1511 1400 Νέπωτα
1536 1335 1640 1400 καὶ
1669 1334 2001 1414 Οὐαλέριον
2028 1335 2322 1414 Μάξιμον
2347 1335 2725 1416 ἱστορήκασι.
2755 1336 2974 1414 Λίβιος

593 1446 697 1510 καὶ
742 1453 983 1523 Καῖσαρ
1025 1445 1051 1508 ὅ
1097 1441 1421 1522 Σεβαστὸς
1467 1443 1822 1519 κομισθῆναι
1864 1444 1972 1516 τὴν
2015 1441 2215 1521 ὑδρίαν
2259 1442 2400 1521 πρὸς
2429 1441 2531 1507 τὸν
2559 1442 2680 1507 υἱὸν
2705 1443 2975 1522 εἰρήκασι

591 1551 697 1617 καὶ
768 1556 1050 1632 ταφῆναι
1123 1556 1447 1628 λαμπρῶς.
1519 1546 1670 1624 Quis
1735 1548 1928 1613 ullam
1994 1548 2185 1613 fidem
2232 1547 2562 1613 Plutarchi
2610 1548 2974 1614 testimonio

588 1658 835 1722 tribuat
853 1704 871 1734 ,
920 1678 1061 1720 cum
1081 1702 1097 1733 ,
1147 1659 1221 1719 ut
1266 1656 1395 1719 iam
1444 1654 1865 1720 indicavimus
1884 1702 1900 1732 ,
1951 1676 2155 1738 neque
2204 1653 2497 1720 Valerius
2544 1654 2861 1720 Maximus
2901 1656 2980 1720 de

590 1763 871 1848 reliquiis
931 1784 969 1826 a
1020 1761 1319 1826 Numidis
1365 1761 1684 1845 dissipatis
1706 1808 1722 1838 ,
1773 1782 1977 1843 neque
2025 1759 2244 1825 Livius
2292 1760 2370 1823 de
2415 1760 2662 1826 ossibus
2710 1761 2975 1827 Romam

589 1869 863 1936 remissis
912 1873 1065 1952 agat
1081 1871 1112 1932 *ἓ

680 1975 855 2052 Quae
901 1974 1225 2058 Hauptius
1271 1974 1545 2040 contulit
1562 2021 1578 2050 ,
1630 1978 1702 2038 ut
1748 1974 2046 2057 probaret
2094 1974 2705 2040 Pseudo-Victorem
2745 1976 2816 2040 in
2853 1974 2978 2042 Ca-

588 2084 763 2147 tonis
822 2083 957 2147 vita
1010 2081 1325 2166 Nepotem
1373 2084 1661 2146 secutum
1711 2101 1844 2144 esse
1866 2127 1882 2157 ,
1931 2081 2115 2144 valde
2160 2081 2492 2166 ingeniose
2535 2083 2802 2147 inventa
2847 2105 2980 2148 esse

467 2172 469 2176 ,
586 2189 1006 2254 libentissime
1051 2189 1374 2271 profiteor,
1417 2189 1524 2252 sed
1572 2209 1654 2252 ne
1701 2209 1846 2252 cum
1895 2208 1968 2252 eo
2015 2187 2320 2254 faciamus
2367 2191 2631 2254 obstant
2677 2211 2750 2254 ea
2773 2236 2789 2267 ,
2815 2211 2976 2274 quae

587 2299 665 2360 de
712 2294 975 2361 Catonis
1020 2298 1319 2379 praetura
1364 2298 1431 2360 et
1469 2295 1549 2359 de
1588 2293 1802 2359 Ennio
1847 2294 2358 2362 Pseudo-Victor
2396 2301 2460 2361 et
2484 2296 2704 2381 Nepos
2728 2298 2972 2362 diversa

588 2403 1009 2467 tradiderunt.
1083 2402 1593 2467 Pseudo-Victor
1663 2403 1771 2478 47,
1845 2403 1874 2465 1
1943 2401 2113 2464 enim
2181 2404 2353 2467 solus
2401 2405 2620 2467 narrat
2665 2401 2970 2469 Catonem

585 2514 1060 2592 praetorem
1098 2507 1457 2573 Sardiniam
1498 2508 1941 2591 subegisse
1982 2507 2195 2592 ibique
2233 2509 2315 2572 ab
2356 2508 2570 2573 Ennio
2612 2507 2860 2576 Graecis
2887 2509 2964 2572 li-

584 2616 735 2679 teris
772 2614 1136 2679 institutum
1186 2635 1338 2678 esse.
1388 2612 1632 2680 Contra
1656 2613 1870 2696 Nepos
1896 2611 2204 2679 Catonem
2230 2618 2589 2698 praetorem
2611 2615 2948 2682 Sardiniam

584 2720 1074 2784 obtinuisse
1135 2719 1368 2796 tradit,
1436 2741 1471 2782 e
1532 2739 1660 2802 qua
1721 2723 2125 2802 quaestor
2185 2721 2506 2805 superiore
2571 2724 2845 2804 tempore
2888 2740 2968 2783 ex

582 2825 805 2890 Africa
866 2825 1173 2890 decedens
1234 2823 1307 2900 Q.
1372 2823 1660 2887 Ennium
1722 2827 1976 2908 poetam
2040 2826 2422 2891 deduxisset.
2489 2825 2588 2891 Ex
2639 2827 2717 2890 iis
2736 2873 2751 2904 ,
2813 2846 2972 2909 quae

584 2932 755 3016 apud
802 2931 1122 3015 Nepotem
1171 2932 1556 3013 sequuntur:
1605 2931 1813 3013 »quod
1856 2951 1990 2994 non
2032 2931 2294 2996 minoris
2334 2932 2740 2997 aestimamus
2781 2953 2974 3015 quam

582 3037 933 3122 quemlibet
1016 3035 1476 3119 amplissimum
1554 3035 2022 3102 Sardiniensem
2102 3037 2543 3122 triumphum”
2625 3039 2781 3104 satis
2858 3058 2976 3120 ap-

583 3148 766 3228 paret
786 3191 802 3221 ,
866 3165 1009 3208 eum
1075 3144 1152 3206 de
1211 3141 1507 3207 Sardinia
1567 3165 1607 3206 a
1656 3140 1901 3207 Catone
1949 3143 2232 3208 subiecta
2277 3144 2441 3209 nihil
2487 3145 2762 3210 scivisse.
2813 3141 2976 3208 Cum

583 3250 833 3334 Nepote
868 3249 1169 3333 congruit
1204 3247 1635 3332 Hieronymus
1675 3246 1914 3314 Chron.
1955 3270 2013 3312 a.
2061 3249 2230 3314 1777
2255 3278 2336 3303 =
2361 3250 2494 3316 514
2540 3250 2762 3316 Urbis:
2797 3247 2976 3312 ›En-

586 3356 729 3420 nius
768 3360 991 3440 poeta.
1020 3403 1035 3420 .
1065 3404 1080 3421 .
1124 3379 1162 3420 a
1202 3355 1448 3421 Catone
1487 3357 1951 3440 quaestore
1990 3355 2258 3420 Romam
2290 3356 2707 3421 translatuS.”
2749 3355 2979 3438 Itaque

583 3463 722 3527 fieri
767 3483 903 3527 non
950 3465 1163 3546 potest
1208 3466 1282 3526 ut
1320 3461 1393 3536 Q.
1433 3460 1685 3525 Ennius
1711 3458 2020 3525 Catonem
2066 3466 2536 3545 praetorem
2584 3463 2654 3526 in
2677 3461 2976 3527 Sardinia

582 3568 855 3634 Graecas
882 3569 1101 3633 literas
1124 3567 1423 3632 docuerit.
1461 3566 1560 3631 Ea
1584 3567 1854 3650 denique
1879 3589 2041 3651 quae
2066 3567 2576 3634 Pseudo-Victor
2600 3570 2678 3633 de
2703 3565 2971 3645 Catone,

578 3679 869 3760 praetore
932 3674 1218 3760 (XXXV
1281 3696 1484 3739 annos
1540 3674 1759 3759 nato),
1824 3673 2080 3739 Graecis
2142 3675 2343 3739 literis
2388 3675 2689 3740 instituto
2737 3673 2974 3750 tradit,

580 3781 662 3845 ab
722 3781 800 3846 iis
846 3803 1009 3866 quae
1054 3781 1273 3867 Nepos
1320 3784 1399 3846 de
1438 3785 1755 3866 tempore,
1800 3802 1925 3865 quo
1976 3779 2233 3846 Graecis
2280 3783 2482 3848 literis
2527 3783 2779 3847 studere
2825 3800 2974 3845 coe-

576 3887 706 3970 pit,
768 3889 1021 3964 narrat,
1084 3888 1464 3972 discrepant.
1529 3887 1746 3972 Nepos
1791 3886 1914 3964 111,
1973 3888 2045 3952 2:
2108 3889 2590 3972 »cupidissimus
2636 3887 2973 3950 literarum

578 3992 736 4071 fuit,
812 4015 1082 4078 quarum
1148 3994 1431 4058 studium
1500 3993 1621 4058 etsi
1668 4017 1698 4057 s
1719 4015 1753 4057 e
1770 4016 1817 4057 n
1832 3993 1855 4055 i
1872 4014 1909 4056 o
1926 4015 1958 4056 r
2008 3994 2396 4122 arripuerat,
2444 3999 2663 4059 tamen
2712 3996 2972 4057 tantum

583 4120 957 4184 progessum
1004 4099 1191 4178 fecit,
1243 4099 1407 4164 cet.”
1440 4108 1522 4179 1.)

654 4451 711 4520 1)
750 4449 831 4506 cf.
874 4449 993 4504 Val.
1009 4505 1017 4513 ,
1032 4450 1175 4507 Max.
1212 4449 1381 4518 VIII,
1422 4453 1452 4506 7
1465 4494 1481 4518 ,
1515 4453 1564 4506 1.
1606 4450 1740 4506 Cato
1771 4451 1984 4507 Graecis
2015 4451 2178 4508 literis
2207 4452 2408 4508 erudiri
2441 4453 2746 4525 concupivit
2759 4495 2775 4519 ,
2805 4473 2974 4526 quam

580 4554 699 4590 sero
733 4537 858 4592 inde
894 4537 1255 4603 aestimemuS,
1292 4536 1439 4608 quod
1475 4537 1638 4593 etiam
1675 4538 1893 4593 Latinas
1929 4558 2095 4610 paene
2131 4539 2233 4594 iam
2268 4559 2428 4596 senex
2467 4541 2667 4596 didicit.
