3184 5342
1433 326 1512 390 71

375 509 588 596 Caput
648 511 791 576 XV.
844 510 1047 576 Nemo
1095 510 1368 595 scriptor
1413 509 1539 573 nisi
1585 507 2089 573 Pseudo-Victor
2139 512 2263 573 tres
2311 511 2671 594 triumphos

281 641 323 682 a
379 617 711 682 Publicola
782 621 957 682 actos
1019 616 1413 681 memoravit.
1487 613 1824 698 Triumphi
1888 616 1965 678 de
2028 615 2405 680 Veientibus
2466 619 2531 679 et
2592 620 2670 682 de

281 723 539 789 Sabinis
602 723 757 787 satis
818 723 958 787 noti
1006 725 1175 788 sunt.
1227 719 1354 806 (Cf.
1402 721 1539 786 Liv.
1586 718 1690 798 II,
1745 722 1803 796 7,
1857 723 1917 785 3.
1970 721 2052 784 16
2074 768 2090 799 ,
2143 723 2205 805 6,
2252 721 2426 786 Plut.
2481 722 2668 787 Publ.

284 831 347 894 9.
398 830 504 906 23,
551 828 742 893 Dion.
787 826 933 892 Hal.
965 828 1046 904 V,
1078 829 1180 893 17.
1208 828 1315 892 43.
1343 827 1477 911 48).
1504 825 1707 890 Paulo
1734 830 1879 909 post
1902 827 2246 891 secundum
2273 827 2670 911 triumphum

280 934 616 1000 Publicola.
684 937 971 998 mortuus
1030 937 1126 998 est
1186 931 1310 1009 (Cf.
1372 932 1543 996 Plut.
1609 932 1794 996 Publ.
1863 933 2009 1018 23);
2075 933 2294 1018 itaque
2359 955 2492 997 non
2539 934 2672 999 veri

282 1041 489 1106 simile
536 1046 632 1105 est
678 1063 820 1104 eum
858 1040 1119 1104 tertium
1156 1038 1602 1123 triumphasse.
1657 1036 1962 1101 Attamen
1983 1037 2160 1103 Fasti
2186 1040 2397 1124 Capit.
2426 1039 2497 1104 O.
2521 1040 2564 1104 Ι.
2595 1041 2669 1106 L.

280 1147 337 1211 I.
402 1169 468 1230 p.
525 1147 694 1225 454,
744 1146 854 1230 qui
900 1146 1121 1210 itidem
1170 1149 1249 1209 de
1299 1144 1544 1208 duobus
1590 1146 1843 1209 tantum
1891 1145 2234 1238 triumphis
2284 1147 2670 1211 mentionem

278 1253 604 1336 fecerunt,
669 1255 749 1316 de
794 1250 1120 1335 triumpho
1173 1251 1252 1315 de
1298 1250 1548 1315 Sabinis
1597 1250 1746 1314 solis
1793 1255 1936 1314 acto
1983 1255 2204 1316 tacent
2224 1299 2240 1328 ‚
2289 1252 2398 1316 sed
2446 1252 2669 1316 Publi-

289 1358 490 1424 colam
565 1359 642 1423 de
710 1357 963 1424 Sabinis
1038 1361 1103 1422 et
1161 1356 1541 1421 Veientibus
1605 1357 1836 1421 iterum
1897 1356 2324 1441 triumphasse
2387 1357 2671 1422 referunt

289 1464 541 1548 (tertius
587 1463 948 1547 triumphus
994 1463 1163 1547 apud
1210 1461 1708 1541 Pseudo-Vict.).

378 1551 589 1633 Errat
640 1568 1170 1645 Pseudo-Victor,
1240 1568 1350 1633 ubi
1413 1567 1741 1632 Valerium
1804 1571 1952 1652 post
1995 1568 2354 1653 Tricipitini
2400 1572 2668 1633 mortem

284 1675 593 1760 collegam
653 1696 785 1738 non
851 1669 1216 1757 surrogasse
1260 1673 1494 1757 tradit3
1546 1696 1696 1737 nam
1745 1674 1897 1738 satis
1947 1696 2259 1759 superque
2305 1678 2557 1739 constat
2602 1676 2668 1739 id

282 1781 525 1845 factum
589 1803 720 1845 esse
774 1778 983 1843 Bruto
1047 1782 1321 1844 mortu0.
1384 1779 1518 1844 Alii
1578 1780 1916 1863 scriptores
1979 1780 2304 1844 Valerium
2371 1785 2554 1846 aedes
2599 1782 2667 1845 in

286 1886 474 1951 Velia
519 1886 1035 1950 aedificasse
1085 1883 1249 1968 (Liv.
1300 1884 1399 1961 II,
1452 1886 1505 1960 7,
1560 1887 1623 1961 6,
1669 1883 1859 1948 Dion.
1909 1885 1992 1962 V,
2051 1887 2153 1963 19,
2202 1886 2332 1952 Cic.
2385 1887 2463 1951 de
2508 1887 2668 1970 Rep.

288 1991 392 2068 ΙΙ,
436 1993 542 2067 31,
572 1990 683 2076 53)
724 1990 832 2054 alii
872 2011 1013 2054 eum
1051 1989 1141 2054 ibi
1182 1990 1441 2054 domum
1483 1989 1886 2054 habuisse
1935 1991 2442 2076 (Pseudo-Vict,
2492 1992 2666 2058 Plut.

286 2096 479 2161 Publ.
532 2097 636 2174 10,
681 2097 827 2161 Val.
875 2095 1046 2161 Max.
1096 2096 1210 2181 IV,
1265 2097 1323 2172 1,
1382 2097 1440 2173 1,
1489 2095 1661 2162 Serv.
1705 2097 1786 2160 ad
1824 2096 1967 2161 Aen
2007 2097 2127 2174 IV,
2151 2099 2306 2176 410,
2332 2098 2481 2163 Zon.
2519 2099 2666 2183 VII,

291 2204 392 2287 13,
444 2226 507 2287 p.
561 2205 710 2270 336.
761 2203 839 2288 Ο)
891 2205 1179 2267 tradunt.
1244 2209 1249 2213 ’

377 2306 538 2373 Cum
583 2308 766 2373 Livio
811 2308 913 2384 ΙΙ,
968 2310 1027 2385 7,
1079 2311 1117 2373 8
1139 2358 1152 2385 ,
1199 2330 1327 2394 seq.
1370 2310 1437 2373 et
1473 2307 1666 2373 Dion.
1712 2307 1860 2373 Hal.
1904 2309 1986 2386 V,
2033 2310 2114 2374 19
2157 2310 2670 2375 Pseudo-Victor

280 2413 618 2478 Valerium
670 2413 841 2496 apud
888 2413 1196 2497 populum
1243 2418 1616 2498 querentem
1665 2413 1821 2478 facit
1864 2416 2033 2499 quod
2081 2416 2553 2499 suspicarentur
2599 2439 2668 2480 se

281 2541 555 2604 regnum
602 2520 935 2594 affectare;
981 2523 1205 2583 contra
1252 2520 1421 2603 apud
1469 2520 1642 2586 Plut.
1690 2521 1877 2587 Publ.
1932 2522 2013 2585 10
2062 2524 2168 2586 οὐκ
2217 2523 2670 2601 ἐφιλονείκησεν

286 2627 407 2690 οὐδ’
476 2624 932 2703 ἠγανάκτησεν,
1006 2626 1182 2689 ἄλλα
1253 2626 1426 2706 ταχὺ
1498 2627 1763 2699 πολλοὺς
1817 2629 2186 2706 σνναγαγὼν
2235 2629 2534 2707 τεχνίτας
2585 2628 2673 2692 ἔτι

287 2733 502 2804 νυκτὸς
552 2731 731 2807 οὔσης
783 2731 1114 2808 κατέβαλε
1160 2732 1269 2806 τὴν
1308 2734 1502 2798 οἰκίαν
1550 2735 1655 2799 καὶ
1704 2733 2106 2812 κατέσκαψεν
2155 2736 2238 2804 εἰς
2287 2735 2536 2812 ἔδαφος.
2595 2724 2600 2728 ⁵

380 2836 711 2902 Valerium
780 2858 1026 2901 secures
1088 2840 1165 2901 de
1221 2837 1499 2903 fascibus
1547 2840 1888 2923 dempsisse
1934 2843 2188 2923 praeter
2236 2840 2670 2905 Pseudo-Vic-

290 2947 493 3007 torem
558 2943 723 3008 Plut.
787 2943 971 3006 Publ.
1064 2944 1166 3021 10,
1227 2943 1376 3008 Val.
1449 2944 1620 3008 Max.
1693 2943 1811 3021 IV,
1888 2947 1946 3023 1,
2023 2947 2082 3021 1,
2153 2945 2344 3010 Dion.
2393 2947 2542 3009 Hal.
2593 2947 2676 3024 V,

300 3049 405 3130 19,
472 3047 593 3111 Dio
670 3049 846 3112 Cass.
908 3048 988 3112 fr.
1059 3048 1179 3126 13,
1244 3050 1305 3126 2,
1371 3048 1523 3112 Zon.
1593 3049 1756 3126 VII,
1826 3052 1930 3116 13.
1996 3072 2059 3133 p.
2115 3052 2264 3116 336.
2313 3050 2385 3118 G.
2436 3072 2675 3114 memo-

296 3156 463 3215 rant.
529 3151 658 3218 Soli
719 3154 937 3218 Livius
997 3159 1061 3218 et
1120 3153 1347 3218 Florus
1409 3158 1487 3219 de
1548 3155 1826 3221 fascibus
1893 3157 2242 3220 summissis
2308 3160 2512 3240 agunt
2533 3204 2548 3233 ,
2597 3159 2676 3220 de

294 3258 614 3323 securibus
662 3260 933 3344 demptis
978 3261 1213 3323 tacent.
1265 3259 1322 3323 E
1370 3259 1550 3326 Livio
1597 3260 1663 3324 II
1684 3311 1702 3344 ‚
1743 3263 1782 3325 8
1805 3309 1820 3334 ,
1863 3262 1902 3325 8
1939 3265 2204 3345 apparet
2251 3283 2394 3325 eum
2419 3261 2675 3326 scivisse

292 3385 331 3428 a
377 3364 709 3430 Publicola
755 3365 1013 3430 consule
1059 3386 1305 3430 secures
1352 3367 1430 3430 de
1477 3366 1755 3431 fascibus
1805 3370 2095 3451 demptas
2132 3389 2285 3434 esse.
2332 3366 2518 3432 Unus
2543 3367 2677 3433 oio.

292 3470 370 3536 de
419 3470 577 3554 Rep.
620 3469 723 3552 ΙΙ,
778 3472 857 3535 31
883 3518 899 3549 ,
952 3470 1036 3534 55
1082 3493 1328 3536 secures
1364 3476 1512 3554 post
1549 3472 1755 3557 legem
1796 3473 1874 3536 de
1896 3473 2348 3556 provocatione
2371 3473 2681 3557 perlatam

292 3578 585 3660 demptas
635 3597 767 3640 esse
814 3577 1049 3654 tradit3
1094 3583 1321 3657 contra
1368 3577 1476 3640 alii
1518 3578 1587 3640 id
1634 3582 1785 3642 ante
1828 3577 2035 3662 legem
2082 3579 2320 3643 factum
2369 3599 2499 3642 esse
2547 3600 2682 3642 me-

295 3684 567 3749 morant.
612 3681 1101 3747 Rosenhauerus
1121 3683 1209 3746 l.l.
1236 3705 1298 3766 p.
1329 3683 1416 3746 46
1442 3683 1716 3746 coniecit
1740 3684 2335 3748 Pseudo-Victorem
2361 3684 2527 3748 hanc
2549 3705 2685 3748 rem

291 3789 384 3852 ita
455 3810 744 3854 narrasse
813 3794 887 3853 ut
956 3789 1287 3853 Antiatem
1359 3788 1528 3872 apud
1599 3787 2034 3852 Plutarchum.
2102 3788 2196 3853 At
2263 3789 2683 3873 vulgatiorem

292 3893 731 3958 narrationem
791 3893 1305 3959 Pseudo-Victor
1372 3897 1622 3957 secutus
1685 3915 1818 3957 esse
1880 3893 2164 3980 videtur3
2231 3916 2452 3959 omnes
2513 3895 2682 3958 enim

295 3998 632 4082 scriptores
652 4046 669 4076 ,
719 4000 831 4083 qui
871 3999 993 4064 hac
1039 4001 1117 4063 de
1162 4021 1231 4062 re
1270 4003 1573 4083 egerunt,
1623 4003 1876 4083 praeter
1920 4022 2123 4064 unum
2171 3999 2539 4066 Ciceronem
2558 4046 2574 4077 ‚
2614 4004 2687 4063 ut

295 4102 804 4169 Pseudo-Victor
849 4125 984 4168 rem
1031 4106 1484 4188 exposuerunt.

386 4210 578 4294 Apud
624 4233 845 4276 omnes
892 4212 1232 4296 scriptores
1279 4209 1565 4274 Valerius
1617 4211 1868 4294 publice
1917 4212 2118 4275 elatus
2167 4215 2283 4288 est,
2331 4211 2440 4274 sed
2488 4209 2682 4274 funus

290 4315 547 4399 publice
605 4317 829 4380 datum
896 4338 1028 4380 esse
1086 4315 1194 4380 alii
1255 4319 1518 4399 propter
1562 4315 1850 4402 inopiam
1900 4316 2066 4400 (Liv.
2114 4315 2219 4394 II,
2274 4317 2378 4394 17,
2434 4317 2490 4400 7,
2546 4314 2686 4380 Val.

292 4420 466 4484 Max.
530 4420 643 4499 IV,
708 4422 785 4498 4,
855 4424 913 4497 1,
974 4421 1155 4485 Eutr.
1224 4422 1289 4498 Ι,
1366 4421 1468 4499 11,
1517 4423 1723 4485 Amm.
1777 4421 1972 4485 Marc.
2023 4420 2201 4498 XIV,
2251 4421 2312 4504 6,
2365 4422 2427 4503 4,
2486 4418 2679 4504 Apul.
