3184 5342
1132 1069 1595 1154 CAPUT
1654 1070 1785 1154 II.

1302 1308 1608 1320 -----

352 1472 395 1538 J
398 1494 499 1536 am
543 1472 829 1537 venimus
852 1475 932 1536 ad
956 1471 1011 1537 B
1030 1493 1067 1536 o
1085 1495 1118 1535 r
1135 1472 1237 1556 gh
1254 1495 1287 1536 e
1303 1473 1371 1537 si
1392 1473 1415 1537 i
1440 1474 1886 1537 coniecturam.
1920 1469 2093 1546 Quae
2118 1471 2538 1555 quum'usque
2563 1471 2644 1532 ad

261 1578 431 1642 hanc
476 1577 607 1642 fere
655 1577 818 1642 diem
870 1577 1221 1643 Niebuhrio
1270 1578 1468 1663 (Hist.
1496 1579 1676 1642 Rom.
1706 1578 1792 1641 II.
1821 1600 1881 1662 p.
1915 1577 2065 1641 518.
2095 1576 2239 1639 adn.
2275 1576 2492 1658 1013„
2519 1574 2643 1639 III.

263 1705 327 1767 p.
379 1685 482 1748 77.
532 1684 680 1747 adn.
734 1683 913 1768 122.)
963 1688 1025 1748 et
1070 1683 1375 1749 Bunseno
1426 1684 1810 1768 (Descriptio
1858 1682 2034 1747 urbis
2077 1681 2316 1746 Romae
2339 1681 2462 1756 III.
2492 1683 2552 1744 2.
2578 1704 2644 1765 p.

268 1788 451 1872 151.)
498 1790 647 1853 solis
695 1789 1002 1874 probata,
1050 1811 1088 1853 a
1134 1787 1495 1854 Cardinalio
1544 1789 1872 1874 (Inscript.
1920 1787 2115 1854 Velit.
2165 1810 2230 1871 Ρ.
2283 1789 2415 1868 78.)
2464 1809 2609 1852 vero
2633 1835 2649 1864 ,

263 1895 546 1960 Beckero
587 1896 772 1980 (Ant.
811 1896 1000 1960 Rom.
1043 1895 1094 1959 I.
1144 1918 1207 1979 p.
1259 1896 1364 1959 56.
1413 1896 1561 1960 adn.
1613 1895 1769 1971 96.),
1821 1893 2017 1958 Zellio
2060 1892 2316 1977 (Elogia
2335 1893 2648 1956 Romana.

264 2024 328 2086 p.
374 2003 507 2074 41„
548 2001 846 2065 Manuale
883 2001 1039 2065 artis
1070 2000 1517 2086 epigraphicae
1554 2001 1900 2066 Romanae.
1943 1999 2026 2063 ΙΙ.
2053 2023 2116 2083 p.
2147 1999 2351 2086 216.)‚
2373 1999 2650 2062 Momm-

266 2129 419 2172 seno
481 2106 581 2192 (G.
622 2107 695 2171 ·Ι.
732 2107 814 2171 ΧΙΙ.
868 2105 917 2170 Ι.
968 2129 1031 2191 p.
1084 2107 1296 2194 282),
1344 2105 1852 2171 Hildesheimero
1900 2106 2006 2191 (de
2050 2105 2215 2169 libro
2237 2153 2253 2182 ,
2299 2105 2409 2189 qui
2453 2105 2650 2168 inscr.

270 2216 349 2277 de
406 2212 523 2277 vir.
584 2213 677 2276 ill.
739 2213 878 2277 urb.
941 2212 1127 2277 Rom.
1189 2214 1434 2297 quaest.
1498 2212 1723 2277 histor.
1772 2235 1835 2296 p.
1888 2211 2206 2297 36—39.)
2252 2209 2656 2287 reiecta-sit,

268 2339 490 2383 omnes
550 2318 683 2384 fere
698 2370 715 2401 ,
781 2318 893 2403 qui
956 2317 1262 2403 proximis
1325 2318 1515 2382 annis
1570 2317 1649 2381 de
1695 2316 1901 2381 fontib
1910 2335 1980 2380 us
2027 2316 2216 2380 huius
2261 2315 2411 2380 libri
2457 2317 2656 2380 disse-

269 2428 569 2500 ruerunt,
614 2424 806 2488 verbo
852 2427 1107 2487 tantum
1158 2428 1235 2489 de
1281 2424 1620 2509 Borghesii
1665 2423 1981 2495 sententia
2019 2427 2290 2508 egerunt
2327 2423 2518 2507 idque
2541 2445 2654 2507 op-

273 2529 434 2593 timo
472 2529 611 2592 iure
629 2575 645 2604 ,
680 2529 854 2611 ⁴quod
893 2550 1081 2593 nemo
1127 2551 1326 2613 »quae
1363 2530 1714 2616 Borghesio
1756 2529 2147 2594 adulescenti
2172 2528 2577 2598 excideranffl
2600 2527 2652 2615 1)

269 2633 665 2716 argumentis
708 2633 958 2698 firmare
1008 2638 1072 2698 et
1094 2635 1377 2699 stabilire
1402 2637 1670 2700 conatus
1697 2639 1852 2702 erat.
1902 2634 2026 2700 Sed
2050 2656 2254 2719 nuper
2292 2632 2654 2698 Alexan-

272 2737 413 2824 der
470 2737 957 2802 Enmannus
997 2739 1417 2824 (Philologus
1465 2743 1660 2806 1883.
1703 2739 1924 2825 Suppl.
1966 2737 2083 2803 IV.
2125 2740 2248 2803 vol.
2291 2741 2352 2804 4.
2392 2761 2456 2823 Ρ.
2484 2738 2654 2817 485,

270 2842 430 2928 seq.)
493 2844 674 2926 quasi
722 2866 756 2908 e
802 2843 1064 2908 latebris
1114 2845 1325 2929 Bor-gh
1336 2846 1449 2910 esii
1494 2847 1924 2911 coniecturam
1972 2845 2246 2929 protulit
2290 2844 2658 2929 primusque

270 2952 647 3032 argumenta
696 2950 918 3013 attulit
962 2952 1042 3013 ad
1090 2972 1227 3015 eam
1255 2952 1816 3036 comprobandam.
1866 2950 2071 3026 Quare
2095 2951 2254 3015 mihi
2277 2972 2413 3016 non
2435 2973 2658 3035 super-

270 3074 617 3117 vacaneum
665 3053 915 3119 videtur
957 3057 1151 3139 paulo
1198 3058 1551 3122 accuratius
1600 3079 1951 3142 exponere,
2001 3079 2162 3141 quae
2204 3057 2325 3122 viri
2373 3057 2546 3121 docti
2582 3057 2660 3120 de

273 3158 394 3223 hac
441 3160 808 3243 quaestione
852 3161 1313 3226 iudicaverunt.

363 3264 417 3327 B
438 3266 894 3351 orghesius
935 3267 1188 3352 (Giorn.
1229 3266 1462 3331 Arcad.
1498 3269 1690 3333 1819.
1717 3269 1771 3335 Ι.
1797 3290 1860 3354 p.
1892 3268 1998 3332 62.
2029 3267 2257 3353 Opera.
2283 3268 2403 3333 III.
2429 3292 2491 3354 p.
2525 3269 2661 3355 10.)

273 3371 575 3454 opinatur
622 3371 655 3435 f
662 3372 819 3436 ieri
868 3395 1111 3457 posse
1152 3377 1226 3437 ut
1272 3373 1395 3437 hoc
1434 3373 1648 3438 libello
1697 3375 2150 3439 contineantur
2173 3376 2348 3439 tituli
2371 3375 2660 3450 collecti,

271 3477 385 3560 qui
444 3477 513 3540 in
562 3475 835 3542 Basilica
879 3478 980 3542 vel
1027 3478 1189 3543 Foro
1240 3479 1505 3544 alicuius
1550 3481 1726 3545 urbis
1773 3480 2236 3545 invenirentur.
2306 3480 2444 3545 Hos
2499 3480 2658 3543 titu-

269 3581 365 3646 los
402 3605 480 3646 ex
532 3583 611 3646 iis
656 3583 945 3661 fluxisse,
984 3606 1142 3668 quos
1192 3587 1518 3668 Augustus
1566 3587 1792 3651 statuis
1840 3587 2119 3651 virorum
2167 3586 2533 3664 illustrium,
2580 3585 2652 3649 in

270 3688 405 3752 foro
452 3709 568 3753 suo
609 3689 867 3773 positis,
912 3690 1385 3774 subscripserit,
1436 3692 1572 3756 veri
1618 3693 1821 3757 simile
1869 3695 1966 3758 est
2007 3695 2081 3780 2).
2123 3691 2651 3758 Niebuhrius

271 3793 422 3858 locis
469 3794 746 3859 laudatis
794 3816 1030 3880 magna
1068 3796 1487 3862 admiratione
1534 3798 1781 3882 ingenii
1828 3797 2158 3882 Borghesii
2205 3801 2431 3883 captus
2480 3797 2651 3861 hunc

271 3899 552 3965 libellum
595 3924 671 3965 ex
710 3901 838 3966 illis
885 3902 1109 3987 elogiis
1149 3903 1449 3968 haustum
1492 3926 1626 3969 esse
1649 3908 1965 3970 asseverat
1983 3953 1998 3980 ,
2027 3904 2413 3970 sententiam
2439 3907 2648 3968 autem

272 4006 537 4089 probare
594 4010 785 4092 atque
827 4008 1203 4073 confirmare
1244 4010 1615 4093 supersedit.
1666 4009 1868 4074 Paulo
1915 4010 2163 4074 cautius
2209 4010 2388 4075 Bun
2408 4030 2545 4073 sen
2565 4030 2652 4070 us

272 4110 427 4195 agit.
496 4112 830 4196 Borghesii
891 4114 1255 4179 coniectura
1317 4115 1567 4179 etiamsi
1623 4115 1758 4180 eius
1799 4116 2034 4180 iudicio
2083 4138 2216 4181 non
2264 4115 2454 4200 plane
2500 4136 2650 4199 pro-

341 4335 399 4405 1)
436 4334 679 4390 Momms.
717 4335 790 4391 l.l.

340 4421 401 4491 2)
456 4421 536 4477 Cf.
593 4420 837 4493 Elogium
886 4424 944 4478 C.
1002 4423 1191 4490 Marii,
1245 4424 1441 4480 Arretii
1486 4424 1788 4490 inventum,
1839 4424 1982 4495 quod
2031 4425 2190 4498 plane
2237 4426 2484 4498 congruit
2531 4443 2649 4480 cum

270 4507 425 4578 elogii
460 4507 783 4579 fragmento,
822 4509 1028 4565 Romae
1064 4511 1265 4566 effosso.
1306 4511 1553 4566 Momms.
1589 4511 1650 4566 Ο.
1684 4512 1728 4566 Ι.
1768 4512 1828 4566 L.
1866 4513 1908 4566 I.
1945 4531 1999 4583 p.
2039 4513 2161 4568 290.
