3184 5342
1438 394 1524 457 63

287 575 611 638 diderunt.
681 573 941 638 Reiecta
1008 573 1493 638 Hildesheimeri
1564 574 1915 650 sententia,
1979 530 2091 657 qui
2153 576 2342 657 putat
2401 576 2490 658 (p.
2564 576 2681 652 18,

290 681 440 746 adn.
494 679 557 764 5)
611 679 1215 744 Pseudo-Victorem
1269 680 1344 757 6,
1398 681 1570 744 3-5
1622 679 1832 762 ipsum
1879 679 2130 743 Livium
2179 683 2464 754 secutum
2513 703 2682 758 esse,

286 785 389 856 his
426 786 634 850 verbis
678 787 1060 850 sententiam
1101 787 1369 871 probare
1410 788 1658 850 studet:
1702 786 1988 863 flocum,
2031 808 2158 870 quo
2199 791 2495 850 narratur
2533 787 2679 851 Tar-

290 891 497 975 quinii
534 891 738 956 Prisci
777 891 1048 956 Romam
1090 893 1402 956 adventus
1428 941 1441 966 ,
1478 892 1557 955 ad
1583 912 1987 955 communem
2012 890 2258 960 fontem
2283 892 2679 956 referendum

291 977 425 1060 esse
451 997 711 1061 docetur
736 1019 866 1060 uno
903 997 1116 1074 verb0,
1136 999 1325 1081 quod,
1347 1001 1669 1062 servatum
1688 1019 1726 1060 a
1742 996 1998 1081 Nostr0‚
2019 997 2243 1062 Livius
2260 997 2492 1061 omisit.
2513 998 2680 1063 Nos-

291 1106 393 1166 ter
431 1103 600 1166 enim
641 1102 810 1190 dicit
836 1103 1200 1167 advenienti
1235 1089 1583 1186 Tarquinio
1626 1104 1899 1187 aquilam
1931 1103 2190 1186 pilleum
2231 1105 2554 1169 sustulisse
2581 1111 2644 1170 et
2667 1154 2682 1184 ,
2728 1187 2737 1196 ·

292 1229 435 1270 cum
478 1207 647 1272 alte
694 1208 1122 1285 subvolasset,
1146 1192 1533 1292 reposuisse,
1571 1208 1786 1273 Livius
1810 1212 2018 1272 autem
2046 1209 2124 1293 (I,
2156 1211 2272 1287 34,
2303 1211 2368 1296 8)
2407 1213 2685 1296 aquilam

290 1313 553 1396 pilleum
618 1314 761 1378 abst
774 1314 964 1378 ulisse
1027 1337 1337 1399 superque
1397 1319 1770 1399 carpentum
1835 1315 2210 1394 volitantem
2258 1317 2451 1401 capiti
2496 1340 2683 1403 repo-

294 1418 511 1485 suisse.
552 1419 792 1504 ‚Neque
837 1421 1040 1505 igitur
1089 1421 1242 1486 dicit
1291 1422 1571 1505 aquilam
1621 1421 1748 1484 alte
1795 1421 2160 1486 subvolasse
2182 1470 2197 1498 ,
2249 1424 2417 1506 quod
2466 1427 2683 1488 tamen

296 1526 600 1608 scriptum
648 1526 840 1590 fuisse
888 1527 958 1590 in
1004 1527 1185 1591 fonte
1234 1528 1555 1591 communi
1602 1528 1782 1591 testis
1829 1530 1929 1590 est
1972 1527 2139 1611 ipse,
2189 1529 2298 1611 qui
2347 1529 2469 1593 hoc
2522 1532 2683 1594 omi-

296 1633 414 1710 sit,
484 1634 739 1712 Livius,
811 1656 952 1698 cum
1024 1634 1203 1697 addit
1270 1634 1690 1718 Tanaquilem
1762 1635 2073 1718 accepisse
2134 1635 2201 1697 id
2240 1637 2575 1719 augurium
2625 1642 2688 1701 et

292 1739 538 1804 excelsa
624 1744 688 1804 et
772 1763 810 1802 a
833 1741 855 1802 1
881 1744 909 1802 t
934 1763 971 1803 a
1042 1762 1291 1824 sperare
1351 1741 1557 1804 virum
1621 1740 1938 1821 iussisse’ffi.
2035 1741 2426 1805 Monendum
2493 1741 2681 1808 Dion.

292 1844 443 1908 Hal.
497 1845 630 1924 III,
684 1847 768 1910 47
800 1845 849 1931 1)
889 1867 1139 1930 quoque
1180 1848 1427 1909 tradere
1468 1846 1742 1929 aquilam
1783 1869 1924 1911 cum
1964 1846 2154 1930 pilleo
2181 1847 2423 1911 caelum
2451 1849 2686 1912 altissi-

294 1973 473 2014 mum
521 1951 847 2036 petiisse.'’

388 2057 633 2121 Deinde
682 2055 751 2124 C.
801 2057 1099 2122 Bardtius
1145 2057 1297 2142 (Die
1344 2057 1641 2141 Legenda
1688 2079 1816 2121 von
1865 2060 2007 2122 dem
2056 2061 2283 2142 Augur
2320 1995 2517 2124 Attus
2558 2057 2683 2124 Na-

296 2163 458 2239 viuS‚
498 2161 735 2229 Elberf.
766 2165 1015 2248 Gymn.
1034 2185 1250 2248 progr.
1285 2166 1477 2230 1883.
1521 2188 1583 2249 Ρ.
1613 2166 1679 2249 8)
1708 2166 2055 2230 rectissime
2081 2167 2377 2251 exposuit
2400 2168 2682 2231 Pseudo-

298 2269 623 2334 Victorem
654 2271 730 2334 de
769 2271 930 2334 Atto
972 2271 1177 2335 Navio
1218 2274 1435 2334 eadem
1476 2271 1726 2335 tradere
1765 2292 1924 2354 quae
1966 2270 2250 2348 Livium,
2279 2273 2448 2355 quod
2473 2274 2684 2336 autem

297 2375 367 2438 in
431 2375 764 2458 Tarquinii
823 2374 1022 2439 Prisci
1083 2379 1217 2441 vita
1276 2377 1435 2440 duae
1482 2398 1581 2440 res
1626 2377 1956 2462 legantur,
2009 2399 2170 2460 quae
2215 2371 2390 2461 apud*
2433 2376 2684 2441 Livium

296 2483 490 2566 plane
554 2481 995 2546 desiderantur
1022 2481 1335 2565 '(Cypseli
1396 2504 1630 2546 nomen
1696 2488 1760 2546 et
1805 2505 1916 2562 ea,
1964 2506 2126 2567 quae
2171 2482 2685 2547 Pseudo-Victor

299 2592 378 2652 de
437 2590 766 2672 praetexta
818 2587 1119 2670 bullaque
1166 2587 1440 2672 rettulit)
1489 2589 1620 2653 veri
1666 2589 1932 2653 similius
1979 2592 2170 2672 putat
2216 2592 2557 2672 utrumque
2606 2610 2685 2652 ex

292 2694 514 2758 eodem
564 2696 822 2756 auctore
871 2695 1168 2776 pendere.

384 2799 454 2864 Si
519 2799 641 2883 ipsi
714 2802 1052 2883 utrumque
1117 2799 1487 2883 scriptorem
1536 2803 1703 2866 inter
1746 2823 1810 2866 se
1848 2803 2358 2885 comparabimus
2381 2850 2395 2878 ,
2443 2803 2683 2866 videbi-

295 2928 433 2969 mus
504 2927 608 2970 eos
676 2905 910 2988 ubique
980 2904 1150 2969 inter
1198 2927 1263 2969 se
1313 2907 1654 2994 convenire
1701 2911 1764 2970 et
1809 2911 2134 2991 praeterea
2185 2909 2352 2991 apud
2401 2908 2684 2972 Pseudo-

298 3010 623 3074 Victorem
684 3011 1000 3074 nonnulla
1062 3010 1192 3095 legi
1216 3059 1231 3088 ,
1294 3035 1457 3095 quae
1520 3012 1689 3097 apud
1746 3011 1996 3076 Livium
2045 3013 2498 3078 desiderentur.
2550 3013 2684 3076 Iam

305 3115 575 3178 vidimus
624 3114 876 3199 Cypseli
923 3138 1156 3180 nomen
1208 3140 1245 3180 a
1293 3117 1841 3182 Pseudo-Victore
1889 3118 2092 3195 tradi,
2144 3140 2180 3180 a
2219 3116 2398 3181 Livio
2438 3118 2685 3194 omitti3

304 3223 629 3302 praeterea
696 3220 1203 3286 Pseudo-Victor
1276 3223 1497 3287 melius
1565 3246 1757 3307 quam
1825 3224 2041 3287 Livius
2112 3245 2364 3286 causam
2430 3221 2687 3307 Cypseli

300 3325 494 3409 fugae
557 3329 847 3411 exposuit
909 3328 1387 3412 (Pseudo-Vict.
1457 3327 1752 3414 »Cypseli
1798 3330 2206 3413 tyrannidem
2251 3329 2546 3414 fugiens”
2601 3369 2679 3378 —

295 3431 433 3495 Liv.
500 3431 567 3509 I,
622 3434 742 3510 34,
798 3435 835 3494 2
891 3434 1013 3497 »ob
1062 3434 1401 3498 seditiones
1453 3436 1643 3500 domo
1689 3437 2086 3521 profugus'’).
2156 3435 2250 3500 De
2283 3440 2507 3513 mode,
2557 3459 2684 3520 quo

294 3537 679 3621 Tarquinius
724 3559 995 3622 regnum
1046 3540 1361 3618 obtinuit,
1410 3541 1923 3605 Pseudo-Victor
1970 3543 2124 3606 haec
2193 3542 2491 3607 tradidit:
2543 3563 2686 3605 »re-

296 3663 498 3727 gnum
547 3645 886 3729 intercepit
910 3650 975 3708 et
997 3645 1087 3710 ita
1113 3646 1617 3731 administravit,
1659 3647 1840 3730 quasi
1865 3647 2002 3710 iure
2028 3648 2296 3730 adeptus
2320 3646 2585 3711 fuisset’'
2609 3645 2684 3731 ¹).

370 3913 424 3980 1)
463 3912 541 3967 Cf.
563 3911 718 3968 Dion.
752 3913 877 3968 Hal.
914 3913 1035 3982 III,
1074 3917 1160 3969 47.
1200 3945 1273 3956 —
1306 3946 1379 3956 -
1416 3921 1692 3979 καταπτὰς
1724 3920 1873 3979 αἰετός
1907 3920 2070 3984 ἄφνω,
2103 3923 2188 3972 καὶ
2224 3927 2308 3973 τὸν
2347 3920 2492 3974 πῖλον
2526 3924 2685 3974 αὐτοῦ

298 4000 383 4046 τὸν
430 3996 515 4048 ἐπὶ
557 4003 651 4058 τῆς
696 4005 918 4064 κεφαλῆς
964 4004 1180 4063 κείμενον
1225 4002 1488 4064 ἁρπάσας,
1538 4002 1636 4052 aveo
1682 4002 1833 4052 πάλιν
1869 4002 2084 4062 ἀνέπτη,
2123 4008 2257 4056 κατὰ
2300 4007 2390 4064 τὴν
2425 4004 2687 4069 ἐγκύκλιον

300 4077 475 4140 αἰώραν
512 4084 776 4144 φερόμενος
810 4083 895 4131 καὶ
932 4083 1001 4142 εἷς
1035 4086 1094 4132 τό
1130 4083 1278 4145 βάθος
1314 4087 1407 4132 τοῦ
1443 4083 1767 4146 περιέχοντος
1803 4085 1942 4147 ἀέρος
1977 4085 2272 4149 ἀπέκρυψεν.

374 4161 427 4229 1)
466 4161 539 4216 Cf.
579 4163 719 4217 Flor.
760 4163 819 4230 I,
858 4166 919 4231 6,
958 4165 1018 4218 2:
1070 4164 1317 4230 „Servius
1358 4164 1557 4219 Tullius
1613 4183 1834 4236 regnum
1879 4166 1999 4221 dolo
2036 4173 2246 4240 partum
2285 4170 2359 4224 sic
2395 4169 2504 4240 egit
2538 4169 2689 4223 indu-

299 4244 453 4313 strie,
491 4252 550 4302 ut
582 4249 696 4304 iure
734 4249 957 4321 adeptus
993 4251 1311 4305 videretur''.
1350 4251 1521 4305 Credo
1558 4252 1697 4306 hunc
1736 4270 2044 4307 consensum
2087 4255 2363 4309 fortuitum
2388 4273 2499 4309 esse
2519 4273 2688 4324 neque

298 4349 415 4386 cum
465 4333 705 4390 Hildesh.
754 4335 827 4388 l.l.
877 4355 929 4407 p.
967 4338 1033 4390 27
1074 4341 1128 4390 et
1164 4337 1395 4390 Rosenh.
1435 4336 1513 4391 l.l.
1550 4357 1600 4408 p.
1639 4338 1706 4390 12
1745 4338 2034 4408 putandum
2073 4339 2571 4396 Pseudo-Victorem
2611 4359 2690 4395 er-

300 4435 418 4472 rore
465 4417 668 4490 lapsum
726 4421 782 4475 in
829 4421 929 4476 hoc
977 4427 1135 4494 caput
1181 4421 1509 4478 transtulisse
1557 4441 1691 4493 quae
1739 4424 1882 4494 apud
1929 4428 2196 4480 auctorem
2231 4426 2289 4481 in
2325 4427 2495 4484 Servii
2528 4426 2690 4482 Tullii

298 4505 411 4560 vita
438 4505 665 4578 legisset.
