3184 5342
1732 382 1816 447 36

579 565 753 631 vicit.
826 564 1029 630 Mario
1096 564 1438 631 Praeneste
1496 565 1833 631 interfecto
1896 566 2169 632 Felicem
2226 590 2292 633 se
2336 569 2541 632 edicto
2588 567 2954 653 appellavit.

576 671 1070 756 Proscriptionis
1126 672 1377 739 tabulas
1421 672 1667 757 primus
1712 674 2047 758 proposuit
2093 674 2260 739 cet.‘’
2313 674 2765 759 Unusquisque
2783 723 2798 753 ,
2846 676 2957 759 qui

571 780 766 864 paulo
829 778 1199 864 diligentius
1261 779 1877 845 Pseudo-Victorem
1941 782 2315 867 perlegerit,
2365 782 2549 847 facile
2596 781 2755 846 mihi
2801 803 2954 846 con-

573 885 752 950 cedet
769 933 784 964 ‚
835 884 1024 949 huius
1071 886 1161 950 rei
1207 886 1413 950 multa
1459 884 1586 950 alia
1633 887 1921 971 exempla
1966 888 2176 953 afferri
2222 910 2425 973 posse.

659 990 746 1057 ΙΙ.
811 989 995 1066 Quod
1053 980 1565 1057 Pseudo-Victor
1624 993 1694 1056 in
1762 994 2168 1078 compilando
2224 1018 2357 1073 res,
2409 1018 2569 1080 quae
2618 995 2953 1059 desiderari

569 1120 702 1163 non
747 1098 1031 1183 possint,
1071 1120 1330 1183 prorsus
1370 1098 1653 1163 omiserit
1690 1101 1765 1163 ut
1800 1099 1870 1165 in
1911 1103 2129 1165 eadem
2170 1100 2385 1166 Sullae
2417 1102 2553 1165 vita
2572 1150 2587 1181 ,
2616 1100 2727 1166 ubi
2751 1122 2954 1184 neque

568 1207 864 1270 tradatur
932 1203 1174 1270 Sullani
1246 1205 1375 1269 iam
1438 1207 1629 1269 antea
1698 1205 1969 1270 Romam
2031 1206 2269 1291 cepisse
2330 1229 2537 1291 neque
2597 1209 2955 1292 exponatur

568 1310 712 1394 quis
756 1309 1049 1375 Bocchus
1095 1310 1291 1376 fuerit
1335 1332 1540 1396 neque
1585 1314 1963 1377 ostendatur
2009 1311 2136 1378 alio
2183 1313 2324 1378 loco
2372 1316 2452 1377 de
2499 1312 2704 1378 Mario
2751 1315 2953 1397 patre,

567 1416 694 1481 alio
741 1417 818 1481 de
865 1417 1072 1481 Mario
1117 1416 1251 1481 filio
1299 1418 1427 1503 agi.

655 1522 777 1588 ΙΙΙ.
825 1522 1008 1599 Quod
1054 1523 1125 1587 in
1172 1523 1393 1588 eodem
1441 1525 1647 1610 capite
1691 1548 1792 1590 res
1839 1525 2131 1591 dissimili
2171 1526 2359 1591 modo
2400 1527 2759 1591 narrentur.
2800 1523 2954 1590 Non

567 1630 734 1695 enim
779 1631 1051 1716 cogitari
1095 1651 1281 1714 posse
1327 1652 1473 1695 eum
1497 1678 1512 1709 ,
1559 1632 1672 1716 qui
1721 1633 2167 1717 conscripserit
2211 1632 2498 1718 Pompeii
2544 1632 2779 1714 vitam,
2823 1652 2956 1696 non

566 1737 950 1821 excerpserit
965 1784 982 1815 ‚
1041 1740 1121 1801 de
1183 1739 1389 1802 morte
1435 1737 1568 1803 eius
1614 1738 1747 1803 fere
1793 1742 1897 1803 tot
1940 1739 2148 1805 verbis
2192 1744 2354 1824 quot
2400 1742 2479 1804 de
2523 1739 2712 1805 rebus
2758 1740 2955 1823 gestis

563 1842 764 1927 egisse
790 1840 864 1927 1).
1135 1837 1139 1843 ’

654 1948 772 2014 IV.
821 1949 1003 2025 Quod
1071 1952 1242 2034 apud
1301 1951 1916 2017 Pseudo-Victorem
1963 1954 2315 2018 nonnullae
2361 1975 2461 2019 res
2506 1952 2809 2018 memoria
2854 1952 2954 2017 di-

564 2054 908 2140 gnissimae
955 2056 1430 2141 nonnullaeque
1477 2058 1647 2123 vitae
1694 2060 2151 2139 desiderentur,
2179 2082 2341 2144 quae
2365 2063 2534 2144 apud
2560 2059 2949 2144 scriptorem,

561 2161 671 2245 qui
715 2182 847 2225 res
917 2162 1331 2232 Romanas
1395 2164 1484 2227 in
1555 2164 1771 2230 vitis
1846 2189 2269 2251 exponere
2329 2166 2797 2243 studuerit,
2842 2165 2950 2229 vix

559 2267 898 2333 desiderari
960 2269 1212 2352 possint
1269 2269 1447 2334 velut
1493 2268 1705 2335 Crassi
1750 2274 1818 2336 et
1886 2272 2237 2357 Iugurthae
2307 2273 2477 2339 vitae
2524 2276 2590 2338 et
2634 2270 2943 2337 Catilinae

559 2374 913 2439 coniuratio
935 2422 950 2453 ,
999 2374 1077 2439 de
1123 2397 1252 2459 qua
1296 2375 1814 2445 Pseudo-Victor
1862 2380 2058 2444 verbo
2105 2383 2363 2445 tantum
2410 2380 2633 2465 egerit.

645 2479 918 2545 Etiamsi
987 2501 1118 2545 non
1188 2482 1406 2546 omnia
1473 2489 1858 2568 argumenta
1875 2533 1890 2563 ,
1966 2508 2126 2570 quae
2194 2485 2575 2551 Enmannus
2638 2483 2918 2549 contulit
2936 2529 2951 2560 ‚

555 2586 716 2651 mihi
763 2587 916 2652 satis
961 2586 1150 2652 firma
1195 2610 1330 2653 esse
1373 2588 1697 2667 videntur,
1745 2593 2031 2656 attamen
2081 2591 2495 2655 libentissime
2544 2590 2601 2653 ei
2640 2590 2950 2664 concedo,

557 2692 732 2757 hunc
789 2692 1079 2757 libellum
1139 2694 1462 2778 epitomen
1526 2717 1661 2761 esse
1678 2743 1693 2774 ,
1762 2699 1966 2783 quod,
2031 2699 2086 2762 si
2130 2697 2471 2781 diligenter
2517 2697 2600 2759 ad
2645 2691 2911 2756 modum
2930 2740 2951 2773 ,

554 2820 681 2883 quo
750 2819 849 2862 res
921 2804 1284 2878 narrantur,
1357 2784 1644 2865 animum
1713 2803 2063 2865 attenderis
2082 2848 2099 2878 ,
2169 2802 2354 2865 facile
2423 2817 2750 2882 agnosces.
2807 2793 2950 2857 Vix

557 2905 725 2970 enim
792 2905 1061 2990 cogitari
1121 2909 1335 2991 potest
1394 2908 1763 2992 scriptorem
1786 2954 1801 2985 ‚
1850 2906 1961 2990 qui
2006 2906 2240 2969 librum
2297 2905 2604 2969 maiorem
2650 2923 2785 2968 non
2832 2921 2951 2964 ex-

557 3011 862 3095 cerpserit
879 3059 894 3090 ‚
945 3034 1043 3077 res
1091 3017 1224 3078 tam
1275 3014 1566 3081 dissimili
1612 3014 1857 3079 ratione
1904 3015 2210 3077 tractasse
2246 3015 2313 3077 et
2358 3012 2434 3076 de
2474 3010 2697 3076 multis
2733 3008 2951 3074 homi-

554 3117 744 3181 nibus
803 3121 868 3182 et
929 3119 1117 3184 rebus
1165 3121 1559 3185 mentionem
1609 3121 1828 3186 fecisse
1848 3167 1863 3198 ,
1913 3119 1992 3183 de
2044 3119 2277 3203 quibus
2310 3121 2405 3182 ‘ne
2450 3118 2645 3183 verbo
2693 3114 2953 3199 quidem

564 3223 1054 3304 demonstretur,
1104 3249 1230 3310 qua
1276 3227 1523 3291 ratione
1569 3248 1715 3291 cum
1762 3227 2010 3311 reliqua
2049 3226 2418 3290 narratione
2464 3224 2865 3289 cohaereant.

644 3330 890 3395 Deinde
933 3331 1314 3397 Enmannus
1353 3336 1524 3397 recte
1563 3333 1891 3417 exposuit,
1936 3353 2100 3416 quae
2120 3330 2317 3396 fuerit
2338 3352 2556 3409 causa,
2584 3351 2698 3395 cur
2720 3326 2951 3411 Haup-

553 3439 679 3503 tius
741 3443 806 3503 et
849 3436 1392 3503 Hildesheimerus
1415 3485 1430 3516 ‚
1480 3438 1592 3503 ubi
1640 3438 2255 3504 Pseudo-Victorem
2302 3437 2580 3502 vitarum
2626 3434 2949 3519 quendam

555 3546 927 3630 scriptorem
979 3546 1264 3610 secutum
1314 3566 1446 3609 esse
1495 3543 1911 3626 coniecerint,
1962 3563 2172 3607 errore
2209 3543 2373 3627 lapsi
2416 3544 2569 3608 sint.
2662 3542 2949 3607 Tantum

553 3652 723 3716 enim
771 3651 988 3716 abesse
1036 3653 1112 3716 ut
1155 3672 1231 3715 ex
1277 3650 1355 3715 iis
1371 3698 1386 3729 ‚
1437 3672 1603 3736 quae
1651 3653 2015 3727 narrentur,
2065 3648 2441 3733 collegerint
2486 3649 2628 3733 quis
2664 3646 2947 3713 Pseudo-

552 3758 834 3824 Victoris
881 3763 1104 3823 auctor
1148 3757 1343 3823 fuerit
1366 3806 1381 3837 ‚
1431 3761 1535 3841 ut,
1586 3761 1932 3842 antequam
1970 3756 2154 3848 illum
2194 3777 2339 3821 cum
2364 3756 2506 3820 aliis
2531 3750 2949 3839 scriptoribus

549 3865 1092 3948 comparaverint,
1156 3886 1189 3928 e
1237 3886 1448 3929 rerum
1497 3884 1660 3948 quae
1705 3866 2045 3927 tradantur
2090 3864 2325 3926 natura
2372 3864 2695 3927 auctorem
2740 3880 2944 3943 quen-

553 3970 698 4034 dam
748 3970 1157 4036 coniecerint.
1207 3969 1382 4045 Quae
1428 3969 1506 4033 de
1561 3966 2133 4034 Pseudo-Victoris
2166 3968 2452 4033 fontibus
2490 3968 2625 4053 ipse
2649 3966 2945 4043 contulit,

556 4077 859 4141 'maiorem
895 4078 1144 4161 partem
1187 4098 1360 4141 mera
1399 4074 1766 4139 coniectura
1807 4074 1931 4137 niti
1970 4075 2105 4157 ipse
2128 4074 2464 4159 profitetur
2486 4073 2641 4138 etin
2665 4073 2954 4138 fontibus

550 4183 1018 4269 investigandis
1079 4183 1173 4248 ita
1233 4182 1402 4267 egit,
1471 4185 1547 4245 ut
1618 4180 1913 4266 inprimis
1973 4180 2259 4243 animum
2314 4182 2675 4245 attenderet
2720 4179 2799 4243 ad
2844 4197 2955 4243 eos

549 4287 760 4353 fontes
781 4337 797 4367 ,
843 4290 1074 4374 quibus
1123 4285 1395 4374 scriptor
1416 4286 1784 4374 posterioris
1810 4285 2039 4350 aetatis
2062 4308 2213 4349 usus
2232 4303 2369 4351 'esse
2393 4290 2629 4372 posset.
2656 4286 2949 4351 Primum

619 4520 675 4591 1)
715 4521 794 4578 of.
833 4521 900 4577 do
936 4521 1036 4580 vir.
1072 4522 1148 4578 ill.
1185 4524 1271 4579 w.
