3184 5342
1672 362 1759 427 24

530 546 862 611 Liternum
948 544 1260 609 concessit
1325 547 1405 627 (c.
1479 544 1625 626 52),
1696 544 1807 609 ubi
1877 567 2025 609 mox
2097 550 2384 611 mortuus
2454 550 2549 611 est
2622 547 2700 631 (c.
2775 546 2908 634 53).

618 652 706 719 II.
755 652 914 716 Post
958 651 1252 716 Africani
1298 656 1567 716 mortem
1617 674 1694 715 ex
1742 653 2085 717 eorundem
2135 653 2540 719 tribunorum
2589 654 2922 738 rogatione

529 758 600 823 L.
668 757 1002 823 Cornelius
1049 754 1264 840 Scipio
1311 756 1632 823 Asiaticus
1680 757 2022 849 damnatus
2068 761 2201 835 est,
2248 761 2418 842 quod
2466 780 2599 842 quo.
2640 780 2918 824 commo-

531 864 670 928 dior
708 884 834 948 pax
878 862 1200 929 Antiocho
1248 865 1502 928 daretur
1523 910 1538 941 ‚
1587 883 1696 927 sex
1746 862 1921 927 milia
1968 864 2182 947 pondo
2228 862 2366 927 auri
2388 910 2403 941 ‚
2448 864 2919 949 quadringenta

528 969 861 1055 octoginta
899 971 1150 1054 argenti
1195 970 1350 1055 plus·
1383 969 1729 1053 accepisset
1766 991 1958 1053 quam
2004 968 2073 1032 in
2120 968 2432 1033 aerarium
2472 969 2795 1035 intulisset
2832 971 2911 1056 (c.

533 1074 642 1140 54.
692 1074 825 1161 55).
2188 1078 2197 1088 “

622 1179 830 1246 Causa
873 1181 975 1247 III
1023 1182 1191 1267 apud
1238 1180 1554 1266 Nepotem
1602 1182 1901 1266 congruit
1946 1204 2089 1246 cum
2137 1202 2328 1245 causa
2373 1180 2438 1244 II
2486 1184 2655 1265 apud
2683 1180 2916 1246 Antia-

531 1291 660 1353 tem
733 1288 950 1372 paucis
989 1288 1177 1352 rebus
1226 1288 1502 1371 exceptis
1524 1335 1539 1365 ,
1586 1310 1746 1372 quas
1792 1289 1921 1352 iam
1971 1288 2213 1353 Gellius
2260 1287 2385 1371 VI,
2443 1289 2523 1353 19
2546 1334 2561 1365 ‚
2614 1288 2735 1372 8¹)
2784 1308 2916 1351 1116-

531 1394 839 1472 moravit‚
888 1392 1118 1477 quibus
1165 1393 1314 1457 addi
1358 1397 1571 1477 potest
1617 1394 2021 1459 tribunorum
2070 1392 2334 1458 nomina
2366 1393 2536 1477 apud
2577 1395 2917 1476 utrumque

530 1500 800 1565 differre.

618 1605 685 1671 Si
747 1627 853 1689 ea,
919 1626 1080 1690 quae
1147 1604 1646 1670 Pseudo-Victor
1713 1605 1835 1670 hac
1900 1606 1977 1670 de
2020 1627 2089 1670 re
2136 1604 2387 1670 rettulit
2406 1652 2422 1682 ‚
2472 1624 2912 1688 comparamus

529 1733 674 1775 cum
755 1711 832 1775 iis
853 1758 868 1789 ‚
947 1732 1110 1794 quae
1180 1710 1464 1775 Valerius
1533 1710 1770 1776 Antias
1838 1716 1902 1777 et
1970 1710 2186 1796 Nepos
2256 1713 2555 1788 tradunt,
2625 1710 2913 1775 videmus

530 1816 1128 1882 Pseudo-Victorem
1217 1838 1359 1882 cum
1446 1816 1705 1882 Valerio
1783 1819 2051 1883 Antiate
2133 1838 2502 1902 congruere.
2618 1815 2714 1880 De
2794 1816 2911 1880 vir.

529 1924 622 1989 ill.
689 1923 776 1988 49
796 1970 813 2001 ‚
883 1924 962 1987 17
986 1970 1001 1999 ‚
1065 1945 1195 2008 seq.
1259 1923 1416 1987 haec
1476 1924 1815 2008 leguntur:
1884 1926 1993 1989 »A
2039 1924 2294 1988 Petillio
2338 1923 2525 1987 Ateio
2554 1924 2605 2008 ²)
2652 1922 2913 1987 tribuno

530 2029 732 2114 plebis
796 2028 1290 2113 repetundarum
1359 2033 1693 2095 accusatus
1755 2029 1989 2094 librum
2052 2013 2375 2093 rationum
2439 2030 2508 2092 in
2570 2032 2913 2113 conspectu

532 2134 754 2218 populi
798 2134 1004 2201 scidit.
1052 2134 1196 2201 Hac
1245 2137 1346 2201 die
1367 2185 1382 2216 ,
1425 2137 1639 2222 inquit
1656 2184 1671 2214 ‚
1722 2134 2176 2221 Carthaginem
2225 2134 2384 2199 vici:
2432 2157 2626 2219 quare
2671 2136 2911 2201 bonum

531 2240 772 2305 factum
834 2240 900 2304 in
965 2239 1354 2327 Capitolium
1420 2264 1635 2307 eamus
1684 2246 1749 2307 et
1796 2243 1917 2307 diis
1965 2241 2425 2325 supplicemus!
2476 2241 2636 2305 Inde
2680 2242 2748 2304 in
2796 2263 2911 2305 1ο-

531 2347 880 2412 luntarium
929 2348 1219 2414 exsilium
1268 2349 1578 2415 concessit
1595 2396 1611 2425 ‚
1656 2348 1767 2413 ubi
1803 2347 2113 2432 reliquam
2154 2347 2289 2431 egit
2312 2350 2606 2411 aetatem.
2632 2346 2913 2410 Moriens

532 2453 614 2518 ab
659 2475 856 2519 uxore
902 2455 1117 2541 petiit,
1170 2478 1252 2519 ne
1299 2477 1526 2541 corpus
1563 2477 1746 2520 suum
1786 2454 2056 2519 Romam
2095 2454 2491 2519 referretur.''
2540 2452 2772 2518 Statim
2799 2475 2913 2536 ap-

531 2564 715 2645 paret
761 2560 1363 2626 Pseudo-Victorem
1409 2566 1628 2627 eadem
1674 2563 1923 2627 tradere
1942 2608 1957 2639 ‚
2005 2582 2166 2644 quae
2212 2559 2430 2644 Nepos
2475 2560 2543 2623 in
2585 2559 2648 2623 II
2688 2582 2877 2623 causa
2896 2605 2911 2635 ‚

531 2666 766 2731 Antias
825 2668 896 2730 in
959 2671 990 2733 1
1035 2667 1208 2730 facta
1268 2690 1400 2731 esse
1456 2671 1696 2731 narrat.
1759 2666 1954 2732 Facta
2014 2688 2159 2731 cum
2221 2664 2509 2729 Antiatis
2550 2664 2913 2727 narratione

536 2775 934 2855 congruunt,
987 2772 1348 2862 discrepant
1386 2772 1468 2835 ab
1512 2770 1622 2855 iis,
1673 2793 1833 2854 quae
1879 2773 2044 2857 apud
2094 2771 2368 2837 Gellium
2417 2771 2735 2854 leguntur.
2783 2767 2913 2833 Ac-

531 2882 786 2944 cusator
841 2900 974 2943 non
1021 2882 1119 2943 est
1163 2878 1442 2961 Naevius
1490 2877 1761 2964 (Nepos)
1806 2880 1916 2943 sed
1959 2878 2248 2943 Petillius
2276 2878 2325 2964 ³)
2376 2876 2677 2965 (Antias).
2727 2876 2914 2941 Post-

603 3196 662 3264 1)
702 3192 839 3247 Gell.
876 3192 987 3260 VI,
1025 3192 1122 3257 19,
1164 3193 1211 3245 8.
1251 3189 1498 3245 Valerius
1533 3193 1711 3245 autem
1746 3189 1937 3246 Antias
1974 3192 2157 3245 contra
2190 3190 2326 3245 hanc
2361 3189 2691 3245 decretorum
2729 3207 2918 3244 memo-

529 3281 659 3335 riam
708 3283 997 3349 contraque
1043 3277 1383 3334 auctoritates
1418 3280 1654 3332 veterum
1688 3277 1956 3333 annalium
1991 3280 2110 3347 post
2147 3276 2381 3332 Africani
2415 3280 2638 3332 mortem
2675 3276 2924 3332 interces-

529 3368 728 3423 sionem
763 3366 918 3421 istam
953 3384 1051 3438 pro
1094 3364 1336 3436 Scipione
1372 3363 1610 3419 Asiatico
1650 3364 1842 3419 factam
1874 3382 1986 3419 esse
2016 3382 2048 3417 a
2078 3357 2289 3419 Tiberio
2308 3364 2546 3419 Graccho
2566 3362 2729 3431 dixit,
2748 3382 2919 3434 neque

531 3455 753 3509 multam
812 3452 1097 3525 irrogatam
1153 3450 1386 3523 Scipioni
1439 3450 1534 3505 sed
1587 3450 1891 3505 damnatum
1951 3469 2069 3505 eum
2126 3450 2400 3522 peculatus
2437 3450 2504 3506 ob
2541 3450 2917 3506 Antiochinam

531 3540 835 3612 pecuniam,
892 3538 1065 3609 qui(a)
1121 3534 1346 3609 praedes
1401 3555 1507 3592 non
1564 3534 1751 3610 daretis:
1769 3536 1826 3591 in
1876 3554 2139 3592 carcerem
2192 3537 2317 3593 duci
2365 3540 2609 3608 coeptum
2646 3540 2807 3608 atque
2842 3537 2918 3593 ita

525 3625 890 3682 intercedente
926 3623 1164 3680 Graccho
1201 3625 1518 3694 exemptum.

605 3713 663 3782 2)
702 3709 1003 3767 Lectionem
1055 3709 1323 3782 vulgatam
1372 3709 1682 3765 servandam
1732 3728 1844 3766 esse
1892 3710 2255 3765 Mommsenus
2306 3711 2516 3781 (Herm.
2554 3710 2599 3765 I.
2639 3729 2690 3781 p.
2731 3711 2836 3765 189
2863 3734 2910 3754 =

539 3799 757 3867 Quaest.
793 3798 952 3851 Rom.
989 3797 1064 3851 H.
1102 3816 1155 3867 p.
1193 3798 1314 3851 462.
1353 3796 1474 3851 adn.
1516 3798 1609 3867 92)
1647 3795 1893 3851 ostendit.
1948 3797 2139 3864 Neque
2174 3812 2293 3851 cum
2331 3796 2640 3851 Schroctero
2677 3800 2733 3851 et
2748 3796 2922 3853 Keilio

533 3902 602 3951 „a
644 3882 854 3937 Petillio
894 3900 956 3937 ac
991 3882 1196 3938 Naevio
1232 3881 1456 3937 tribunis
1493 3881 1697 3953 plebis’'
1742 3900 1911 3953 neque
1949 3900 2069 3938 cum
2106 3882 2329 3938 Hertzio
2365 3886 2419 3938 et
2453 3882 2687 3955 Hauptio
2725 3897 2791 3950 „a
2825 3883 2922 3938 Pe-

533 3968 708 4033 tilliis,
749 3968 980 4024 tribunis
1016 3967 1216 4039 plebis’'
1263 3967 1543 4040 legendum
1581 3972 1679 4023 est.

607 4057 664 4125 3)
704 4054 822 4121 „Ob
873 4053 958 4108 6111
1009 4053 1288 4126 Angreifer
1344 4058 1581 4125 genannt
1637 4052 1797 4121 wird‚
1848 4054 1945 4109 wie
1982 4054 2067 4110 bei
2104 4054 2358 4127 Polybius
2392 4053 2505 4111 und
2540 4055 2755 4122 Victor,
2795 4054 2922 4110 oder

533 4142 686 4207 zwei‚
735 4140 835 4196 wie
876 4140 958 4196 bei
997 4140 1194 4195 Gellius
1232 4138 1340 4195 und
1381 4140 1565 4196 Livius
1580 4182 1594 4209 ,
1634 4142 1703 4196 ist
1737 4141 1793 4196 in
1828 4141 1922 4196 der
1963 4142 2105 4197 That
2138 4141 2285 4197 nicht
2320 4141 2688 4197 verschiedene
2724 4142 2922 4198 Ueber-

530 4226 817 4299 lieferung,
857 4226 1085 4282 sondern
1130 4245 1231 4280 nur
1269 4227 1642 4284 verschiedene
1681 4228 1950 4300 Fassung3
1987 4228 2172 4283 immor
2204 4228 2411 4283 machte
2429 4229 2486 4283 in
2505 4228 2722 4285 solchen
2741 4227 2922 4283 Fallen

532 4314 678 4369 einer
716 4314 818 4369 den
854 4312 1068 4386 Angriff
1098 4313 1208 4369 und
1238 4311 1535 4369 secundirtc
1571 4315 1658 4370 6111
1696 4314 1918 4370 anderer
1934 4357 1949 4381 ,
1992 4333 2051 4369 so
2086 4314 2208 4369 dass
2244 4332 2367 4370 man
2405 4314 2597 4370 ebenso
2634 4318 2732 4387 gut
2768 4314 2919 4368 einen

537 4400 636 4455 wie
683 4400 811 4454 zwei
861 4392 1138 4471 Angreifer
1188 4418 1395 4455 1161111611
1448 4400 1699 4457 konnte''.
1752 4400 2018 4472 (MommS.
2065 4400 2249 4456 Herm.
2308 4399 2353 4455 Ι.
2405 4419 2455 4471 p.
2494 4402 2599 4455 189
2628 4424 2675 4445 =
2704 4399 2921 4469 Quaest.

535 4487 693 4541 Rom.
731 4486 810 4540 Π.
854 4505 906 4556 p.
947 4488 1069 4541 463.
1107 4486 1228 4541 adn.
1269 4485 1380 4556 94.)
