3184 5342
1369 426 1449 491 19

212 616 350 675 tum
413 632 546 675 esse
605 610 865 675 iudicat.
934 608 1113 685 Quod
1177 614 1627 694 argumentum
1679 610 1967 695 Hauptio
2013 633 2146 676 non
2195 613 2414 698 magni
2462 635 2601 678 mo-

214 717 418 781 menti
463 738 598 781 esse
645 715 910 780 videtur.
961 715 1247 780 Primum
1296 717 1468 780 enim
1519 717 1608 781 sic
1654 717 1975 781 existimat
2022 717 2160 781 fieri
2207 719 2489 801 potuisse
2531 724 2604 783 ut

213 821 729 887 Pseudo-Victor
767 822 837 885 in
876 820 1261 886 Hannibalis
1303 822 1436 889 vita
1476 844 1590 887 sua
1632 822 1889 887 aliunde
1929 823 2121 907 atque
2160 844 2240 889 ex
2261 824 2375 889 illo
2400 824 2606 904 fonte,

214 950 340 1014 quo
379 928 712 1013 Ampelius
752 950 903 993 usus
941 929 1062 1007 sit,
1105 928 1410 992 hauriret.
1461 928 1606 1007 Sed,
1632 932 1707 993 ut
1729 928 1997 1013 Hauptii
2022 930 2413 1014 argumentis
2440 935 2605 1011 utar,

211 1036 266 1099 si
313 1034 646 1119 Ampelius
667 1083 682 1114 ,
731 1036 898 1099 sicut
941 1036 1012 1099 in
1063 1039 1421 1100 exterarum
1470 1035 1760 1120 gentium
1811 1036 2044 1101 ducum
2092 1035 2239 1101 vitis
2285 1035 2603 1121 Nepotem

214 1145 534 1225 sequatur,
580 1142 674 1206 ita
717 1142 788 1205 in
836 1140 1275 1206 Romanorum
1324 1142 1779 1226 imperatorum
1823 1146 2092 1208 eundem
2141 1146 2461 1209 auctorem
2489 1145 2605 1209 ad-

214 1248 524 1313 hibuisset
543 1295 558 1326 ,
623 1269 836 1313 nonne
896 1248 1089 1312 etiam
1158 1247 1290 1313 veri
1361 1248 1566 1313 simile
1634 1253 1796 1313 esset
1862 1249 2473 1315 Pseudo-Victorem
2532 1252 2603 1315 in

215 1358 573 1420 exterorum
638 1358 869 1419 ducum
931 1354 1080 1419 vitis
1145 1376 1178 1419 e
1242 1354 1491 1438 Nepote
1537 1355 1844 1439 pendere,
1897 1378 1973 1419 ex
2020 1377 2146 1440 quo
2193 1378 2309 1423 sua
2352 1358 2423 1421 in
2472 1356 2604 1420 Ro-

215 1483 553 1526 manorum
592 1460 741 1525 vitis
764 1461 1218 1545 desumpsisset
1234 1462 1264 1523 ⁸?
1289 1459 1534 1525 Deinde
1560 1459 1995 1525 Woelfflinum
2022 1462 2325 1527 admonet
2348 1462 2605 1527 Rinckii

216 1568 434 1633 iudicii
481 1568 552 1654 (l.
578 1567 621 1630 l.
672 1590 734 1651 p.
785 1566 920 1651 54),
969 1568 1079 1650 qui
1117 1588 1255 1631 eam
1296 1567 1686 1631 Hannibalis
1727 1568 1925 1632 vitam
1948 1616 1963 1645 ,
2006 1566 2199 1652 quam*
2222 1589 2338 1633 nos
2363 1567 2605 1652 Nepoti
2672 1589 2679 1594 ·

217 1662 591 1758 tribuimus,
637 1674 1021 1757 »posteriore
1058 1676 1341 1758 tempore
1381 1674 1797 1757 compositam
1836 1695 1972 1738 esse
2014 1677 2236 1757 putat,
2281 1696 2406 1757 quo
2429 1675 2603 1738 istud

218 1781 524 1865 scriptum
588 1782 666 1843 de
730 1778 1098 1844 Hannibale
1161 1802 1272 1843 seu
1336 1780 1637 1843 Marcello
1698 1801 1827 1844 non
1893 1780 2165 1864 amplius
2227 1780 2568 1844 exstitisset
2590 1828 2605 1858 ,

216 1910 361 1954 cum
432 1909 506 1951 ea
551 1908 714 1971 quae
761 1886 1142 1951 Plutarchus
1187 1886 1503 1970 Nepotem
1552 1889 1631 1950 de
1678 1886 2044 1951 Hannibale
2091 1886 2428 1949 tradidisse
2472 1890 2605 1950 ret-

216 1994 369 2059 tulit
425 1994 524 2057 illi
572 1994 776 2070 vitae,
824 2014 1014 2077 quam
1064 2014 1180 2057 nos
1227 1993 1346 2057 sub
1394 1991 1667 2076 Nepotis
1715 1992 1974 2056 nomine
2018 1992 2327 2056 habemus
2352 2040 2367 2070 ,
2422 1991 2605 2056 valde

215 2098 646 2184 repugnent.’'
709 2097 920 2175 Quid?
970 2098 1410 2183 Hauptiusne,
1458 2098 1603 2181 qui,
1652 2100 1820 2182 quod
1867 2120 1974 2174 ea,
2025 2120 2186 2182 quae
2232 2098 2399 2181 apud
2445 2097 2607 2161 Am-

221 2206 479 2290 pelium,
546 2206 628 2271 28
669 2208 748 2269 de
773 2204 1162 2291 ‘Hannibale
1207 2205 1574 2288 traduntur,
1627 2226 1770 2268 cum
1818 2203 2205 2269 Hannibalis
2252 2204 2404 2282 vita,
2445 2214 2607 2289 quae

221 2312 418 2396 vulgo
457 2310 700 2395 Nepoti
734 2310 1060 2388 tribuitur,
1101 2311 1494 2376 conveniant
1513 2358 1528 2387 ,
1571 2315 1779 2375 totum
1804 2313 2000 2395 caput
2022 2333 2057 2373 e
2081 2309 2329 2394 Nepote
2352 2308 2606 2375 fluxisse

221 2419 444 2500 putat,
515 2416 783 2480 eandem
842 2416 1225 2481 Hannibalis
1270 2417 1472 2482 vitam
1521 2439 1558 2481 a
1606 2416 1857 2501 Nepote
1903 2417 2226 2481 abiudicat
2251 2464 2267 2494 ,
2318 2416 2427 2480 ubi
2474 2438 2607 2482 non

223 2524 522 2607 congruit
567 2544 712 2586 cum
758 2508 872 2601 iis,
919 2544 1082 2605 quae
1120 2521 1722 2588 Pseudo-‘Victorem
1767 2524 1845 2587 de
1881 2521 2246 2588 Hannibale
2285 2544 2318 2586 e
2353 2521 2606 2607 Nepote

220 2629 503 2693 hausisse
565 2628 882 2693 coniecit?
945 2626 1188 2692 Deinde
1243 2627 1499 2693 Rinckii
1546 2629 1851 2693 iudicium
1899 2649 2031 2693 non
2079 2628 2234 2693 satis
2280 2628 2605 2693 firmatum

221 2737 412 2817 atque
471 2734 816 2817 probatum
873 2738 1003 2812 est,
1075 2734 1225 2818 quia
1270 2733 1391 2798 hoc
1439 2756 1564 2798 uno
1616 2738 1870 2799 tantum
1919 2739 2299 2819 argumento
2349 2737 2597 2817 nititur,

221 2842 392 2923 quod
459 2839 839 2905 Plutarchus
911 2838 1161 2925 (Gomp.
1228 2840 1444 2925 Pelop.
1510 2862 1654 2905 cum
1704 2840 1899 2907 Marc.
1948 2842 2031 2919 1.)
2086 2840 2521 2907 Hannibalem
2570 2867 2607 2908 a

219 2946 521 3011 Marcello
584 2947 918 3031 aliquoties
981 2947 1220 3011 victum
1269 2968 1404 3011 esse
1452 2969 1489 3010 a
1534 2945 1785 3030 Nepote
1833 2947 2003 3010 tradi
2056 2946 2275 3011 scribit
2295 2995 2311 3025 ,
2359 2949 2429 3012 in
2479 2951 2611 3015 vita

221 3055 435 3116 autem
495 3052 918 3130 HannibaliS,
983 3074 1146 3136 quae
1195 3052 1431 3137 Nepoti
1482 3052 1679 3137 vulgo
1728 3053 2053 3130 tribuitur,
2108 3074 2239 3118 non
2286 3076 2413 3119 uno
2462 3056 2602 3121 loco

221 3180 364 3221 eum
410 3158 481 3221 in
527 3158 718 3223 Italia
763 3160 1075 3224 invictum
1114 3159 1308 3224 fuisse
1354 3160 1665 3224 traditum
1713 3163 1810 3224 est
1854 3160 1951 3246 (I,
2001 3141 2079 3227 2..
2114 3161 2195 3239 V,
2239 3163 2300 3227 4.
2342 3160 2473 3239 VI,
2522 3165 2606 3247 1).

220 3262 344 3329 Sed
406 3268 650 3346 quanta
709 3266 864 3331 fides
927 3266 996 3329 in
1062 3265 1408 3330 Plutarcho
1431 3314 1446 3345 ,
1503 3267 1574 3330 in
1624 3266 1909 3331 Marcelli
1954 3268 2089 3331 vita
2138 3270 2424 3332 auctores
2468 3269 2611 3333 lau-

222 3369 440 3446 danti,
503 3372 800 3453 ponenda
862 3372 979 3449 sit,
1046 3367 1234 3436 multi
1298 3372 1419 3437 viri
1470 3374 1641 3437 docti
1672 3374 1719 3459 Ι)
1767 3373 1896 3437 iam
1944 3375 2395 3453 ostenderunt,
2444 3376 2612 3458 quod

223 3477 302 3539 de
364 3476 653 3540 Marcelli
712 3476 956 3542 ossibus
1015 3475 1344 3541 Valerium
1392 3478 1749 3543 Maximum
1798 3483 1861 3543 et
1908 3478 2158 3543 Livium
2205 3502 2277 3543 ea
2324 3501 2613 3544 narrasse

221 3582 436 3646 tradat
465 3582 541 3668 2),
595 3604 759 3667 quae
805 3585 974 3666 apud
1023 3603 1130 3647 eos
1175 3582 1414 3647 frustra
1461 3587 1870 3668 quaerantur.
1921 3583 2147 3667 Itaque
2192 3584 2609 3648 Plutarchum

219 3686 344 3752 hoc
388 3688 528 3752 loco
576 3709 815 3752 errasse
843 3690 894 3775 3)
945 3710 1152 3771 neque
1198 3689 1330 3753 eius
1382 3690 1817 3754 testimonium
1868 3692 2120 3753 tantum
2172 3690 2379 3753 valere
2424 3693 2604 3773 put0,

221 3795 295 3855 ut
341 3814 411 3857 eo
453 3794 601 3858 freti
646 3794 841 3870 illam·
874 3793 1266 3859 Hannibalis
1316 3795 1514 3859 vitam
1564 3817 1603 3858 a
1649 3794 1901 3879 Nepote
1948 3795 2396 3861 abiudicemus.

290 4109 349 4178 ’1)
385 4107 618 4163 Perizon.
657 4105 957 4162 Animadv:
981 4105 1102 4162 hist.
1137 4125 1188 4178 p.
1229 4108 1350 4162 368.

384 4193 629 4249 Kochlcr.
667 4192 738 4248 l.l.
779 4212 829 4265 p.
869 4193 955 4248 32.

382 4280 452 4335 Η.
492 4280 666 4335 Peter.
704 4279 770 4334 dc
805 4278 936 4333 font.
975 4278 1120 4334 Plut.
1157 4278 1211 4333 in
1249 4279 1408 4334 Rom.
1449 4277 1589 4333 vitis.
1627 4297 1679 4350 p.
1718 4280 1747 4333 7
1754 4282 1803 4333 5.

381 4366 581 4422 Soltav.
616 4365 690 4423 l.l.
725 4385 778 4438 p.
817 4367 902 4421 56.

287 4456 345 4525 2)
385 4454 465 4509 Of.
505 4452 646 4508 Plut.
683 4452 854 4509 Marc.
895 4454 978 4509 30.

288 4544 347 4613 3)
387 4540 466 4596 Cf.
511 4539 715 4599 Soltav.
753 4558 804 4612 p.
847 4542 930 4595 67.
