3184 5342
1668 393 1755 457 94

611 574 838 658 Itaque
901 574 978 637 de
1023 575 1159 639 iure
1206 574 1276 639 in
1323 574 1578 657 publico
1624 572 2007 638 decantandi
2052 572 2349 656 adempto
2398 593 2585 637 nemo
2631 572 2907 655 scriptor

521 679 646 743 nisi
721 680 1003 743 Pseudo·
1014 679 1232 743 Victor
1293 680 1444 763 egit.
1511 679 1604 743 At
1664 679 1768 743 hic
1828 700 1927 742 res
1986 677 2546 761 neglegentissime
2606 678 2775 741 inter
2836 699 2907 740 se

520 784 878 849 confudisse
938 785 1188 849 videtur
1247 785 1777 851 Pseudo-Victor.
1836 782 2106 851 Constat
2152 784 2323 847 enim
2370 788 2591 867 postea
2628 784 2741 860 iis,
2790 784 2908 867 qui

519 891 711 955 sacris
777 891 1254 975 praecinerent,
1322 894 1542 955 datum
1617 913 1787 968 esse,
1853 894 1925 953 ut
1978 890 2257 955 triduum
2297 890 2645 973 quotannis
2692 889 2909 953 ornati

520 1018 666 1061 cum
723 1000 982 1061 cantu
1043 1020 1157 1081 per
1211 998 1433 1062 urbem
1490 1000 1877 1081 vagarentur
1928 995 2054 1081 (Of.
2103 995 2265 1073 Liv„
2317 995 2457 1073 Ov.,
2507 996 2652 1061 Val.
2703 995 2907 1071 Max„

522 1103 697 1168 Plut.
745 1102 886 1188 l.l.).

603 1208 890 1293 Appium
938 1208 1212 1273 Potitios
1239 1208 1290 1295 1)
1338 1208 1758 1294 permovisse,
1805 1212 1880 1273 ut
1924 1230 2104 1273 sacra
2152 1207 2465 1273 Herculea
2512 1228 2727 1271 servos
2773 1230 2897 1291 pu-

518 1313 716 1378 blicos
781 1317 1079 1379 docerent
1141 1318 1393 1398 praeter
1445 1314 2058 1379 Pseudo-Victorem
2132 1313 2270 1378 Liv.
2318 1313 2434 1391 IX,
2487 1315 2595 1391 29,
2646 1314 2709 1390 9,
2766 1312 2909 1377 val.

519 1420 693 1496 Max.
779 1420 848 1498 Ι,
922 1421 992 1502 1,
1060 1422 1176 1498 17,
1242 1420 1558 1485 Masurius
1626 1420 1898 1485 Sabinus
1960 1420 2128 1503 apud
2194 1420 2387 1487 Macr.
2454 1420 2585 1485 Sat.
2651 1419 2779 1496 III,
2846 1420 2911 1494 6,

518 1524 684 1592 Fest.
752 1548 815 1591 v.
879 1526 1208 1604 Potitium,
1291 1525 1464 1593 Serv.
1540 1530 1640 1594 ad.
1713 1526 1875 1593 Aen.
1926 1526 2109 1603 VIII,
2164 1526 2292 1591 269
2323 1526 2377 1611 2)
2422 1527 2713 1591 tradunt.
2788 1523 2919 1598 Qui

516 1653 735 1696 omnes
774 1635 1022 1716 praeter
1069 1632 1208 1699 Liv.
1255 1636 1320 1697 et
1366 1632 1513 1701 Val.
1565 1634 1735 1699 Max.
1786 1633 2071 1717 Appium
2128 1633 2402 1697 Potitios
2450 1632 2723 1717 pecunia
2770 1652 2918 1695 cor-

519 1740 763 1823 rupisse
810 1742 1099 1805 narrant.
2318 1746 2322 1750 '

610 1846 750 1910 Iam
815 1845 1134 1929 superiore
1197 1844 1404 1929 capite
1464 1844 1737 1909 vidimus
1806 1843 2091 1928 Appium
2154 1845 2536 1929 interregem
2599 1844 2917 1908 restitisse

523 1974 604 2017 ne
650 1952 872 2016 consul
917 1938 1000 2015 ex'
1039 1950 1224 2034 plebe
1272 1953 1610 2015 crearetur.
1662 1950 1905 2014 Eodem
1955 1952 2142 2014 modo
2184 1951 2434 2035 Appius
2462 1952 2630 2035 apud
2656 1949 2793 2014 Liv.
2824 1950 2916 2025 X,

527 2056 632 2135 15,
683 2059 744 2133 8,
795 2056 963 2140 egit,
1009 2056 1121 2119 ubi
1159 2056 1236 2131 Q.
1282 2054 1480 2120 Fabio
1523 2055 1783 2120 consule
1826 2060 2037 2121 creato
2084 2078 2258 2120 »non
2297 2057 2394 2120 sui
2418 2057 2621 2141 magis
2644 2056 2914 2121 honoris

525 2184 742 2239 causa,
800 2184 990 2245 quam
1051 2166 1124 2227 ut
1169 2162 1421 2247 patricii
1465 2166 1917 2245 recuperarent
1966 2164 2087 2227 duo
2136 2162 2497 2227 consularia
2544 2163 2715 2239 loca,
2764 2183 2910 2225 cum

521 2269 650 2333 suis
707 2271 846 2333 tum
904 2269 1101 2332 totius
1162 2267 1518 2333 nobilitatis
1582 2267 1822 2331 viribus
1886 2267 2179 2332 incubuit
2199 2313 2215 2344 ,
2281 2289 2346 2331 se
2392 2289 2540 2334 cum
2588 2267 2658 2343 Q.
2707 2266 2903 2330 Fabio

522 2374 846 2441 consulem
912 2374 1258 2439 dicerent.’'
1323 2373 1454 2439 Ubi
1517 2371 2029 2438 Pseudo-Victor
2089 2373 2289 2437 tradit
2334 2375 2613 2459 Appium
2664 2374 2910 2437 dissua-

522 2482 676 2545 sisse
740 2502 820 2544 ne
880 2479 1117 2545 Fabius
1179 2480 1350 2545 solus
1413 2481 1493 2543 ad
1549 2478 1781 2543 bellum
1836 2478 2215 2556 mitteretur,
2264 2500 2613 2562 congruere
2662 2479 2917 2543 videtur

523 2607 669 2651 cum
737 2586 919 2650 Livio
988 2586 1088 2650 IX
1110 2632 1126 2662 ,
1199 2586 1284 2649 42
1308 2633 1322 2662 ,
1397 2586 1436 2647 2
1457 2632 1474 2659 ,
1549 2588 1721 2668 apud
1790 2605 1977 2667 quem
2043 2584 2309 2667 legimus
2370 2588 2663 2649 senatum
2730 2582 2925 2647 Fabii

526 2691 977 2774 proconsulare
1021 2692 1358 2773 imperium
1406 2710 1781 2775 prorogasse
1805 2736 1821 2767 ,
1868 2690 2141 2753 maxime
2180 2688 2391 2773 Appio
2439 2690 2842 2753 adversante.

618 2793 716 2858 De
761 2794 946 2859 bellis
993 2795 1073 2859 ab
1120 2795 1332 2879 Appio
1382 2817 1524 2859 cum
1575 2794 1970 2859 Samnitibus
2008 2798 2075 2859 et
2115 2795 2400 2860 Etruscis
2438 2794 2635 2878 gestis
2656 2792 2799 2857 Liv.
2826 2792 2925 2869 X,

535 2900 639 2965 18.
686 2900 788 2964 19.
841 2900 948 2976 31,
1001 2900 1173 2964 3—8
1222 2922 1471 2984 quoque
1518 2901 1671 2984 egit.
1730 2901 2013 2984 Appium
2060 2900 2333 2965 Sabinos
2377 2900 2543 2964 bello
2595 2897 2925 2962 domuisse

527 3003 1041 3070 Pseudo-Victor
1086 3008 1152 3069 et
1195 3005 1443 3071 Titulus
1492 3009 1663 3091 apud
1710 3004 2005 3071 Momms.
2058 3006 2129 3072 O.
2178 3006 2234 3072 Ι.
2280 3005 2352 3069 L.
2392 3004 2443 3069 I.
2496 3026 2559 3088 p.
2613 3004 2742 3068 287
2798 3002 2924 3067 soli

529 3114 798 3177 tradunt
838 3111 956 3191 (Of.
1011 3134 1200 3196 supra
1246 3136 1308 3197 p.
1359 3114 1449 3198 8).

618 3218 714 3283 De
757 3219 862 3282 via
908 3219 1124 3302 Appia
1163 3219 1373 3302 plures
1415 3218 1754 3302 scriptores
1797 3221 2067 3301 egerunt
2087 3265 2101 3294 ,
2144 3218 2254 3281 sed
2278 3238 2468 3281 nemo
2493 3216 2616 3280 nisi
2640 3214 2922 3279 Pseudo-

529 3323 756 3388 Victor
813 3324 981 3387 viam
1047 3324 1128 3387 ab
1192 3322 1406 3407 Appio
1455 3345 1654 3407 usque
1701 3324 1781 3387 ad
1828 3322 2240 3387 Brundisium
2290 3325 2559 3387 stratam
2607 3342 2739 3385 esse
2786 3324 2923 3385 ret-

528 3430 700 3495 tulit.
749 3430 938 3495 Diod.
987 3428 1111 3494 Sic.
1158 3429 1309 3510 XX,
1364 3430 1469 3505 36,
1510 3428 1777 3511 Procop.
1830 3431 1907 3491 de
1954 3428 2119 3493 bello
2171 3427 2365 3494 Goth.
2411 3427 2479 3504 I,
2535 3428 2637 3503 14,
2688 3424 2919 3490 Front.

529 3538 608 3600 de
666 3538 1040 3620 aquaeduct.
1096 3533 1159 3612 5,
1205 3534 1382 3599 illam
1431 3534 1598 3598 viam
1646 3554 1845 3616 usque
1891 3534 1970 3597 ad
1992 3533 2305 3617 'Capuam
2353 3536 2606 3597 tantum
2646 3534 2918 3597 stratam

528 3663 662 3706 esse
717 3643 1002 3706 narrant.
1070 3638 1336 3717 Quando
1400 3638 1557 3704 haec
1621 3640 1725 3704 via
1784 3660 1982 3722 usque
2027 3639 2106 3702 ad
2154 3638 2568 3704 Brundisium
2608 3636 2919 3721 perducta

529 3748 614 3811 sit
674 3768 806 3811 non
865 3751 1158 3823 constat3
1219 3746 1552 3811 Strabonis
1616 3750 1828 3809 tamen
1898 3747 2103 3809 aetate
2165 3743 2269 3807 via
2317 3744 2533 3827 Appia
2584 3762 2782 3825 usque
2832 3742 2917 3807 ad

530 3852 700 3917 hanc
746 3853 965 3917 urbem
1013 3853 1264 3917 munita
1309 3852 1434 3916 fuit
1481 3850 1607 3935 (Of.
1655 3850 1866 3915 Strab.
1919 3850 2051 3927 VI,
2102 3852 2161 3915 3.
2208 3872 2273 3934 p.
2322 3849 2430 3913 50.
2478 3848 2552 3914 Τ.
2601 3848 2682 3926 V,
2736 3848 2795 3924 3,
2849 3870 2915 3931 p·

535 3960 683 4025 377.
747 3958 846 4045 T.)
911 3958 1046 4024 Iam
1111 3982 1302 4045 supra
1366 3956 1770 4041 exposuimus
1815 3955 2421 4021 Pseudo-Victorem
2470 3954 2594 4020 hoc
2646 3954 2785 4017 loco
2844 3953 2915 4016 in

596 4258 654 4325 1)
697 4252 1062 4310 Libentissime
1107 4250 1244 4305 facio
1288 4267 1406 4305 cum
1443 4248 1620 4305 Keilio
1658 4248 1730 4307 l.l.
1767 4268 1818 4321 p.
1857 4248 1992 4316 116,
2028 4250 2119 4323 qui
2154 4247 2377 4305 coniecit
2412 4247 2576 4304 verba
2612 4246 2782 4313 „duae
2820 4247 2897 4302 fa-

521 4342 698 4397 miliae
741 4341 810 4397 ad
844 4340 1090 4397 Herculis
1125 4356 1276 4425 sacra
1311 4340 1436 4393 sunt
1474 4336 1768 4392 destinatae
1794 4378 1809 4403 ‚
1848 4334 2165 4391 Potitiorum
2198 4339 2255 4391 et
2290 4334 2661 4391 Pinariorum'’
2700 4353 2730 4390 e
2759 4337 2916 4390 textu

528 4429 766 4486 eicienda
806 4446 936 4483 esse.

601 4518 657 4586 2)
693 4517 841 4572 Serv.
878 4515 947 4569 ad
979 4515 1110 4569 Aen.
1149 4513 1290 4579 VII,
1329 4514 1398 4569 69
1436 4512 1608 4567 minus
1644 4514 1788 4567 recte
1824 4511 2065 4567 Pinarios
2100 4510 2362 4567 nominat.
