3184 5342
1753 382 1837 445 52

602 583 735 627 esse
789 583 932 627 cum
976 561 1091 638 iis,
1140 561 1253 644 qui
1297 582 1412 645 per
1460 564 1670 625 totum
1719 561 1952 626 librum
2001 562 2200 627 libros
2247 564 2521 628 vitarum
2546 611 2562 641 ‚
2609 565 2842 648 quibus
2893 569 2997 632 vi-

599 691 817 734 rorum
877 667 1216 732 illustrium
1272 669 1411 731 tota
1475 666 1608 732 vita
1675 668 2068 732 describatur
2084 715 2099 744 ‚
2151 668 2472 733 adhibitos
2520 691 2652 734 esse
2699 671 2995 736 coniece-

599 776 753 841 rint.
813 773 1199 850 Quaestione
1245 774 1454 837 denuo
1498 773 1756 855 penitus
1805 773 2192 858 investigata
2237 775 2423 839 nobis
2471 796 2842 859 persuasum
2895 781 2997 840 est

601 881 740 946 fieri
809 891 942 945 non
1011 901 1195 963 posse
1262 883 1337 944 ut
1405 900 1483 944 ex
1546 879 1626 942 iis
1649 925 1665 956 ‚
1733 900 1896 962 quae
1962 879 2296 962 Ampelius
2365 885 2429 943 et
2474 880 2995 946 Pseudo-Victor

597 986 980 1052 tradiderint
997 1031 1013 1062 ‚
1084 984 1423 1068 colligatur
1441 1032 1456 1063 ‚
1528 995 1688 1069 quos
1759 969 2098 1068 scriptores
2169 1006 2386 1049 eorum
2450 991 2672 1052 auctor
2735 991 2994 1052 secutus

598 1092 701 1157 sit.
752 1091 935 1167 Quod
979 1091 1230 1156 etiamsi
1276 1091 1624 1156 dolendum
1669 1094 1765 1154 est
1783 1141 1798 1172 ,
1859 1094 2146 1156 attamen
2209 1091 2290 1154 ad
2339 1092 2634 1157 notitiam
2681 1093 2992 1158 historiae

598 1197 926 1263 Romanae
970 1198 1036 1261 id
1082 1197 1288 1261 solum
1325 1197 1622 1273 interest,
1668 1202 1742 1261 ut
1782 1201 2138 1262 statuamus
2178 1201 2426 1281 quanta
2464 1197 2620 1262 fides
2645 1199 2994 1264 tribuenda

597 1305 686 1368 sit
752 1304 831 1368 iis
891 1304 1086 1368 'rebus
1105 1349 1121 1380 ‚
1194 1325 1351 1386 quas
1399 1301 1911 1368 Pseudo-Victor
1955 1303 2292 1368 rettulerit.
2342 1302 2446 1366 Ad
2507 1326 2646 1368 eam
2695 1308 2988 1370 statuen-

601 1412 747 1473 dam
818 1430 1069 1474 necesse
1139 1412 1236 1473 est
1255 1455 1271 1485 ‚
1336 1417 1411 1473 ut
1470 1409 1722 1491 omnia,
1787 1430 1950 1492 quae
2009 1409 2092 1472 ab
2149 1429 2224 1472 eo
2287 1413 2546 1474 narrata
2591 1410 2758 1488 sint,
2807 1433 2989 1476 com-

602 1537 896 1599 paremus
956 1536 1100 1578 cum
1158 1514 1268 1590 iis,
1333 1536 1497 1598 quae
1556 1515 1749 1605 ceteri
1809 1515 2146 1598 scriptores
2210 1510 2287 1579 'de
2345 1515 2569 1580 iisdem
2615 1518 2804 1582 rebus
2851 1522 2986 1582 tra-

600 1622 896 1687 diderint.
946 1621 1131 1696 Quod
1178 1622 1231 1684 si
1277 1619 1612 1686 fecerimus
1629 1668 1645 1698 ‚
1695 1621 2047 1685 videbimus
2074 1621 2636 1687 Pseudo-Victoris
2661 1628 2985 1688 auctorem

600 1727 814 1792 fontes
862 1731 928 1791 et
971 1727 1251 1810 optimae
1296 1731 1363 1792 et
1400 1728 1708 1811 pessimae
1747 1731 1939 1791 notae
1978 1748 2332 1810 usurpasse.
2383 1729 2579 1811 Apud
2617 1751 2761 1792 eum
2800 1727 2985 1815 saepe

598 1833 999 1899 inveniemus
1063 1833 1331 1916 vestig-ia
1384 1836 1727 1898 eorundem
1775 1836 2108 1898 auctorum
2142 1879 2157 1909 ‚
2205 1855 2238 1896 e
2285 1833 2516 1917 quibus
2563 1834 2780 1900 Livius
2826 1859 2978 1920 pen·

595 1943 720 2006 det.
787 1939 1022 2005 Utrum
1083 1938 1207 2002 hos
1270 1940 1559 2004 auctores
1626 1939 1796 2023 ipsos
1858 1938 2208 2021 inspexerit
2271 1961 2356 2004 an
2411 1961 2522 2017 ea,
2569 1962 2733 2023 quae
2780 1943 2861 2006 ab
2905 1945 2977 2008 iis

596 2047 838 2111 tradita
884 2044 1019 2109 sint
1036 2093 1051 2121 ‚
1099 2065 1177 2108 ex
1217 2045 1487 2109 aliorum
1533 2045 1716 2110 libris
1731 2095 1748 2127 ‚
1792 2045 1905 2129 qui
1942 2045 2087 2109 illos
2125 2046 2455 2110 annalium
2495 2047 2835 2131 scriptores
2867 2071 2972 2133 pro

594 2151 776 2216 fonte
821 2151 1225 2230 habuissent,
1274 2151 1559 2215 hauserit
1605 2151 1938 2215 diiudicari
1988 2172 2121 2216 non
2158 2154 2389 2235 potest.
2431 2150 2828 2237 Quamquam
2851 2156 2966 2219 veri

598 2258 866 2323 similius
931 2261 1029 2322 est
1074 2280 1220 2322 eum
1266 2279 1399 2322 non
1449 2258 1715 2322 annales
1765 2258 1931 2340 ipsos
1979 2279 2330 2340 usurpasse.
2383 2255 2630 2324 Contra
2677 2281 2800 2324 non
2840 2281 2952 2323 uno

598 2363 739 2429 loco
786 2367 958 2447 apud
1005 2355 1149 2428 eum
1198 2385 1299 2427 res
1344 2364 1564 2427 eodem
1606 2364 1794 2427 modo
1838 2368 2128 2427 narratas
2171 2385 2303 2428 esse
2344 2365 2801 2447 comperiemus
2819 2412 2834 2442 ‚
2855 2386 2966 2448 quo

597 2470 935 2554 scriptores
996 2469 1363 2553 posterioris
1432 2469 1658 2532 aetatis
1713 2490 1813 2532 res
1873 2468 2194 2532 Romanas
2258 2469 2608 2534 describere
2672 2471 2975 2535 solebant.

602 2573 934 2660 Copiosius
981 2575 1101 2640 hac
1148 2577 1227 2642 de
1272 2597 1339 2640 re
1387 2595 1648 2658 agemus
1686 2575 1978 2659 proximo
2025 2576 2268 2660 capite,
2325 2597 2452 2659 quo
2511 2579 2715 2640 totum
2755 2581 2835 2640 de
2888 2577 2983 2640 vi-

596 2683 683 2745 ris
755 2681 1111 2746 illustribus
1171 2681 1407 2744 librum
1454 2702 1888 2764 percurremus
1938 2686 2130 2766 atque
2176 2703 2398 2747 omnes
2445 2684 2616 2748 locos
2637 2729 2652 2759 ‚
2702 2682 2813 2745 ubi
2861 2681 2985 2744 ali-

599 2787 752 2871 quid
815 2786 1095 2850 traditur
1158 2790 1511 2880 ngemoratu
1575 2786 1878 2870 dignum,
1931 2809 2070 2852 cum
2121 2789 2202 2853 iis
2251 2790 2696 2874 scriptoribu8‚
2749 2790 2861 2873 qui
2907 2790 2988 2853 de

598 2892 821 2956 iisdem
882 2892 1070 2955 rebus
1132 2896 1439 2976 egerunt,
1504 2893 2033 2975 comparabimus.
2101 2894 2407 2960 Attamen
2464 2917 2638 2960 nunc
2681 2895 2864 2960 iuvat
2907 2896 2990 2958 de
3098 2927 3099 2947 2

594 2998 672 3062 iis
742 3001 998 3062 tantum
1059 2997 1247 3062 huius
1294 2997 1443 3062 libri
1487 2998 1806 3082 capitibus
1855 3000 2212 3086 disputare,
2265 3022 2430 3085 quae
2473 3004 2740 3067 eandem
2782 3001 2989 3066 histo-

595 3104 724 3169 riae
784 3103 1113 3168 Romanae
1157 3107 1405 3187 partem
1452 3104 1822 3183 continent,
1872 3128 2065 3189 quam
2113 3106 2336 3171 Livius
2383 3108 2453 3172 in
2502 3111 2715 3172 decem
2763 3108 2992 3190 primis

598 3209 779 3273 libris
804 3211 1145 3276 enarravit.
1171 3209 1266 3274 De
1299 3209 1545 3293 reliqua
1584 3209 1774 3274 huius
1811 3211 1961 3275 libri
2002 3216 2184 3296 parte
2223 3217 2445 3297 postea
2484 3214 2810 3279 occasione
2834 3214 2996 3278 data

594 3315 813 3380 eodem
865 3317 1050 3380 modo
1098 3317 1401 3380 disserere
1448 3316 1697 3381 decrevi
1709 3339 1866 3381 mus.
