3184 5342
1431 379 1517 443 43

278 558 472 646 Amp.
503 561 587 625 19
609 608 624 639 ,
666 560 702 623 1
747 563 824 625 (16
869 560 1106 626 Mano
1152 560 1443 646 Agrippa
1491 562 1660 646 agit,
1705 562 1815 647 qui
1840 563 2007 648 apud
2034 584 2254 629 omnes
2278 564 2436 629 alios
2460 564 2661 648 scrip-

281 672 448 733 tores
490 666 560 731 M
577 689 610 731 e
627 690 673 730 n
690 668 925 731 enius
963 668 1338 752 appellatur.
1406 666 1560 743 Quis
1601 673 1695 734 est
1742 670 1899 754 quin
1944 668 2188 735 Dukeri
2234 670 2663 735 coniecturam

272 774 535 859 probet,
585 774 696 857 qui
741 795 857 857 pro
907 773 1148 838 Mano
1189 772 1675 838 Menenium
1724 776 2066 859 legendum
2115 798 2247 841 esse
2288 778 2517 860 putet?

364 880 548 945 Solus
609 878 940 964 Ampelius
1007 880 1126 957 27,
1200 880 1237 942 2
1301 879 1661 945 Marcum
1726 881 2029 947 Maelium
2095 904 2238 946 eum
2287 885 2506 961 vocat,
2554 883 2665 967 qui

273 989 444 1071 apud
504 985 1126 1051 Pseudo-Victorem
1185 990 1250 1051 et
1311 990 1554 1051 ceteros
1604 989 1942 1073 scriptores
1991 989 2093 1074 Sp
2113 989 2241 1054 uri
2263 1013 2302 1053 u
2326 1012 2355 1054 s
2400 989 2669 1053 Maelius

267 1094 548 1158 vocatur.
599 1092 769 1157 Luce
819 1093 1050 1158 clarius
1097 1098 1192 1157 est
1237 1092 1307 1157 M
1332 1116 1370 1157 a
1393 1116 1426 1157 r
1449 1115 1484 1158 6
1511 1117 1551 1158 11
1578 1116 1642 1157 111
1691 1116 1766 1159 ex
1808 1096 2247 1180 dittographia
2294 1096 2545 1161 litterae
2590 1096 2661 1160 M

272 1203 484 1264 ortum
533 1221 685 1264 esse.

568 1305 757 1390 Amp.
832 1307 952 1384 18,
1005 1307 1110 1373 17.
1754 1305 1849 1370 De
1896 1306 2013 1371 vir.
2063 1307 2155 1371 ill.
2204 1308 2326 1389 63,
2379 1309 2439 1373 2.

363 1412 678 1479 Sertorius
722 1412 958 1495 ubique
1027 1415 1405 1478 adversante
1614 1412 1908 1478 Metellus
1977 1413 2130 1479 Pius
2157 1463 2173 1479 .
2205 1464 2220 1477 .
2250 1465 2265 1481 .
2316 1412 2663 1479 Sertorium

272 1520 536 1584 fortuna
577 1518 1026 1603 insuperabilis
1070 1513 1213 1584 fuit.
1539 1518 1853 1603 Hispania
1903 1521 2167 1605 expulit.

364 1624 538 1701 Quae
596 1624 1100 1690 Pseudo-Victor
1163 1626 1266 1689 1116
1331 1629 1554 1689 narrat
1626 1648 1757 1690 non
1818 1626 2025 1690 solum
2088 1631 2303 1712 aperte
2371 1630 2670 1711 pugnant

277 1753 420 1797 cum
479 1730 558 1795 iis
578 1778 593 1809 ,
655 1752 818 1815 quae
880 1752 1020 1814 cap.
1087 1731 1169 1794 77
1193 1778 1209 1808 ,
1258 1731 1300 1794 4
1349 1731 1426 1793 de
1475 1730 1754 1797 Sertorio
1778 1780 1794 1809 ,
1842 1754 1881 1795 a
1930 1731 2232 1817 Pompeio
2282 1733 2449 1797 victo
2470 1780 2486 1809 ,
2537 1738 2669 1797 tra-

276 1838 405 1916 dit,
453 1841 564 1902 sed
609 1837 804 1902 etiam
841 1823 1018 1902 locus
1062 1837 1198 1922 ipse
1239 1838 1474 1901 multas
1521 1838 1931 1903 difficultates
1979 1840 2245 1923 praebet
2261 1860 2277 1916 ,ε
2330 1860 2460 1903 11611
2501 1838 2670 1903 6111111

277 1944 412 2021 veri
451 1943 656 2009 simile
682 1949 776 2008 est
800 1943 1408 2008 Pseudo-Victorem
1435 1943 1526 2007 ita
1551 1944 1909 2028 scripsisse:
1954 1945 2218 2010 »consul
2252 1946 2333 2010 in
2376 1944 2672 2030 Hispa-

276 2052 411 2115 nia
457 2050 827 2115 Herculeios
851 2049 1080 2113 fratres
1105 2049 1458 2134 oppressit3
1505 2048 1857 2113 Sertorium
1906 2050 2321 2136 Hispania
2362 2050 2673 2135 expulit.”

278 2156 397 2221 Sin
439 2159 650 2220 textus
696 2161 986 2240 receptus
1031 2177 1104 2219 ea
1150 2156 1350 2219 tradit
1367 2202 1382 2232 ‚
1431 2176 1594 2238 quae
1644 2155 2157 2222 Pseudo-Victor
2199 2157 2489 2241 scripsit,
2538 2178 2670 2220 non

280 2261 560 2326 dubitari
615 2263 829 2345 potest
872 2262 1028 2345 quin
1075 2261 1485 2345 neglegentia
1533 2264 1646 2324 aut
1692 2282 1902 2325 errore
1947 2261 2166 2346 lapsus
2214 2284 2288 2325 ea
2336 2263 2412 2327 de
2458 2262 2673 2327 Serto-

281 2370 377 2432 rio
440 2368 815 2433 narraverit.
891 2367 1126 2430 Omnes
1187 2368 1357 2431 enim
1379 2414 1394 2444 ,
1459 2366 1570 2449 qui
1631 2367 1708 2429 de
1755 2366 1922 2431 bello
1970 2388 2114 2432 cum
2164 2367 2443 2432 Sertorio
2492 2372 2669 2451 gesto

289 2478 588 2557 egerunt,
658 2495 801 2537 eum
869 2472 939 2535 in
1011 2472 1324 2556 Hispania
1395 2472 1685 2557 Pompeii
1747 2493 1939 2556 opera
2000 2496 2038 2537 a
2085 2474 2212 2538 suis
2259 2472 2669 2538 interfectum

287 2602 422 2645 esse
469 2579 752 2644 tradunt.

372 2684 707 2749 Praeterea
751 2683 853 2748 his
899 2683 1055 2748 locis
1101 2687 1211 2747 aut
1250 2681 1530 2766 Ampelii
1571 2686 1684 2747 aut
1721 2682 2287 2748 Pseudo-Victoris
2325 2684 2674 2767 neglegen-

284 2789 375 2855 tia
423 2790 664 2854 factum
713 2791 839 2867 est,
888 2793 962 2853 ut
1007 2789 1176 2853 inter
1216 2810 1279 2852 se
1319 2788 1750 2855 dissentirent.

601 2894 792 2979 Amp.
861 2896 982 2971 28,
1042 2897 1102 2957 4.
1392 2882 1397 2887 ’
1769 2898 1845 2958 (16
1903 2895 2018 2959 vir.
2071 2894 2163 2958 ill.
2212 2896 2334 2973 42,
2385 2896 2447 2959 4.

372 3002 659 3067 Annibal
733 3002 1095 3085 Scipionem
1156 3001 1341 3064 Lite
1356 3022 1422 3063 r-
1628 2998 1960 3063 Hannibal
2006 2999 2077 3064 P.
2121 2998 2481 3084 Scipionem
2508 2999 2678 3084 apud

283 3132 505 3191 num,
623 3107 1052 3171 Tiberium
1176 3105 1412 3171 Clau·
1529 3104 1867 3182 Ticinum,
1907 3104 2353 3189 Sempronium
2378 3104 2674 3188 Longum

283 3215 504 3278 dium
563 3214 732 3297 apud
778 3211 1089 3277 Trebiam.
1123 3258 1138 3277 .
1168 3261 1182 3275 .
1234 3234 1421 3296 supe·
1541 3213 1712 3295 apud
1758 3202 2073 3275 Trebiam.
2104 3259 2121 3276 .
2153 3260 2169 3276 .
2226 3210 2566 3295 superavit.

277 3321 465 3386 ravit.
2403 3326 2414 3335 “

515 3427 519 3431 ’
615 3426 806 3512 Amp.
829 3410 981 3505 ‘46,
1039 3428 1098 3491 4.

371 3535 589 3600 Prima
627 3535 835 3598 clades
872 3533 1059 3598 huius
1083 3533 1234 3597 belli
1259 3533 1429 3616 apud

280 3642 334 3707 L
355 3642 380 3705 i
402 3645 431 3705 t
454 3663 487 3705 e
513 3662 547 3704 r
571 3662 615 3703 n
642 3661 684 3702 11
707 3661 770 3702 111
835 3639 1168 3703 vulnerato
1239 3641 1422 3729 patre

281 3746 596 3831 Scipione.
618 3793 633 3808 .
657 3791 674 3808 .
712 3747 986 3808 secunda
1020 3744 1228 3810 clades
1255 3744 1429 3828 apud

279 3852 576 3916 Trebiam
652 3851 988 3916 vulnerato
1076 3848 1129 3913 F
1154 3850 1178 3911 1
1203 3872 1241 3913 a
1267 3871 1302 3914 c
1330 3871 1364 3913 6
1387 3870 1425 3914 o
1513 3918 1520 3926 ,

281 3956 560 4023 consule.

369 4064 652 4129 Primum
695 4083 826 4126 non
864 4062 1047 4138 licet,
1089 4066 1161 4126 ut
1200 4060 1520 4146 Hauptius
1545 4062 1732 4140 fecit,
1774 4062 1885 4146 qui
1908 4084 2024 4146 pro
2075 4062 2435 4126 Literno
2485 4059 2666 4127 Ola-

281 4169 633 4234 stidium
671 4167 1013 4251 legendum
1059 4189 1191 4231 esse
1238 4168 1510 4232 coniecit
1530 4216 1544 4243 ,
1576 4166 1627 4252 1)
1676 4168 1966 4232 dubitare
1996 4169 2071 4232 de
2100 4168 2475 4251 integritate
2501 4166 2671 4231 vocis

280 4272 563 4351 Literni,
624 4294 777 4335 nam
839 4272 894 4335 si
955 4272 1112 4336 haec
1176 4294 1298 4336 vox
1361 4272 1606 4336 librarii
1657 4274 1854 4337 errori
1903 4274 2243 4337 tribuenda
2294 4276 2496 4350 esset,
2547 4293 2679 4336 non

355 4526 411 4595 1)
449 4526 640 4597 Neque
677 4528 915 4583 Salmasii
949 4529 1284 4596 coniectura,
1322 4530 1413 4599 qui
1451 4530 1498 4583 T
1516 4528 1706 4585 icinu
1725 4548 1776 4583 m
1816 4528 1986 4601 legit,
2027 4528 2301 4599 probanda
2338 4534 2433 4584 est.
