3184 5342
1424 391 1509 455 29

270 603 413 646 nem
438 628 453 657 ‚
542 599 669 663 quo
750 567 976 640 Florus
1049 577 1126 639 de
1194 574 1272 638 ii·
1340 573 1764 640 seditionibus
1831 571 1969 656 agit
1989 619 2004 648 ,
2076 577 2385 636 servasset
2454 595 2660 658 neque

273 672 344 751 L‘.
395 684 691 770 Verginii
738 684 935 749 vitam
983 686 1131 766 post
1173 679 1249 754 ,0.
1299 680 1527 745 Licinii
1571 679 1854 745 Stolonis
1901 678 2350 761 descripsisset.
2416 677 2660 744 Deinde

276 814 352 858 ex
413 814 489 856 ea
550 793 719 876 apud
781 788 1395 855 Pseudo-Victorem
1460 787 1834 852 confusione
1895 785 1964 848 in
2029 784 2345 868 capitibus
2396 786 2655 852 18—21

277 898 815 963 Hildesheimerus
863 895 1028 960 nihil
1064 896 1343 958 statuere
1388 897 1643 978 poterat
1661 942 1678 970 ,
1721 893 1872 976 quia
1917 913 2050 957 non
2093 891 2296 955 solum
2337 913 2412 956 ea
2451 895 2661 976 capita

277 1008 385 1070 sed
444 1005 636 1069 etiam
683 1003 977 1089 proxima
1028 1001 1289 1066 14-17
1340 1004 1406 1065 et
1453 1002 1537 1064 22
1577 1000 1754 1064 nulla
1797 997 2102 1081 temporis
2148 997 2393 1063 ratione
2442 1000 2664 1066 habita

278 1111 637 1196 conscripta
681 1114 834 1175 sunt
860 1106 935 1192 ¹).
985 1107 1277 1191 Denique
1323 1106 1866 1171 Hildesheimerus
1911 1104 2214 1168 iudicium
2239 1126 2422 1168 suum
2452 1128 2524 1171 eo
2549 1107 2659 1171 fir-

279 1215 441 1280 mari
494 1220 557 1280 et
602 1216 858 1301 probari
903 1217 1090 1299 putat
1110 1261 1126 1291 ‚
1176 1214 1346 1297 quod
1395 1211 1913 1277 Pseudo-Victor
1963 1211 2067 1289 79,
2118 1212 2225 1276 6.7
2275 1234 2421 1276 cum
2471 1212 2660 1279 Floro

275 1323 379 1400 II‘,
449 1324 534 1388 34
598 1322 1016 1388 Octavianum
1081 1319 1226 1384 Iani
1283 1322 1502 1403 portas
1548 1317 1848 1383 clausisse
1894 1319 2086 1402 atque
2133 1316 2499 1401 Augustum
2547 1342 2662 1404 ap-

282 1430 589 1514 pellatum
657 1450 791 1494 esse
857 1431 1005 1512 post
1069 1426 1309 1490 bellum
1368 1425 1740 1489 Parthicum
1801 1426 2083 1508 exponat
2104 1473 2121 1506 ‚
2177 1422 2404 1489 Florus
2451 1430 2662 1508 autem

290 1558 504 1601 »more
562 1557 710 1617 su0,
778 1538 850 1598 ut
912 1533 1161 1618 poe‘tico
1217 1532 1490 1616 quodam
1542 1530 1761 1595 afflatu
1809 1530 1956 1594 libri
2003 1530 2101 1594 sui
2147 1529 2345 1594 finem
2391 1529 2663 1611 faceret,

282 1644 484 1726 ipsam
532 1640 809 1725 Augusti
852 1638 1396 1705 consecrationem
1442 1637 1632 1701 rebus
1678 1637 1760 1700 ab
1799 1657 1874 1701 eo
1920 1637 2116 1720 gestis
2163 1639 2663 1721 postposuerit.”

270 1747 363 1812 At
434 1748 487 1811 si
555 1750 762 1811 totam
833 1745 1169 1826 Octaviani
1241 1743 1440 1807 vitam
1510 1765 1549 1806 a
1616 1741 2166 1808 Pseudo-Victore
2235 1745 2660 1828 conscriptam

269 1854 562 1939 perlegas
584 1901 599 1932 ,
665 1853 901 1917 idcirco
960 1849 1571 1915 Pseudo-Victorem
1620 1850 1920 1933 temporis
1969 1851 2258 1915 ordinem
2317 1852 2666 1936 neglexisse

271 1961 487 2026 videas
510 2011 525 2042 ,
593 1959 764 2042 quod
786 2005 801 2036 ‚
862 1961 937 2022 ut
982 1957 1231 2040 saepius
1279 1956 1355 2020 fit
1377 2003 1393 2033 ‚
1444 1955 1721 2040 primum
1771 1955 1967 2032 bella,
2022 1979 2185 2041 quae
2232 1959 2376 2042 quis
2422 1960 2622 2043 gessit
2646 2007 2661 2037 ‚

273 2067 501 2131 deinde
548 2068 790 2130 ceteras
839 2085 939 2128 res
960 2111 975 2140 ‚
1024 2085 1180 2147 quas
1226 2063 1394 2146 egit,
1442 2065 1684 2128 narrat.
1748 2062 2150 2128 Postremum
2197 2086 2662 2149 nonnunquam

275 2170 785 2236 Pseudo-Victor
829 2169 1031 2233 multo
1080 2169 1397 2253 copiosius
1443 2191 1541 2233 res
1587 2169 1852 2252 exponit
1895 2192 2087 2254 quam
2130 2169 2372 2235 Florus.
2441 2169 2664 2255 Neque

275 2276 778 2342 Pseudo-Victor
797 2325 812 2356 ‚
858 2281 930 2342 ut
969 2277 1509 2341 Hildesheimerus
1540 2275 1847 2353 coniecit,
1891 2276 1991 2340 his
2031 2277 2187 2341 locis
2238 2299 2311 2341 ea
2338 2325 2354 2355 ‚
2396 2299 2558 2361 quae
2583 2301 2664 2344 ex

280 2388 539 2448 auctore
577 2387 1001 2467 excerpserat,
1046 2382 1322 2447 flosculis
1364 2380 1677 2454 Florianis
1702 2383 1946 2447 auxisse
1968 2385 2292 2466 putandus
2315 2387 2445 2467 est3
2471 2386 2667 2448 immo

280 2491 631 2573 exemplum
698 2491 904 2575 ipsum
921 2538 937 2569 ‚
1003 2490 1173 2574 quod
1232 2489 1341 2556 ille
1403 2490 1483 2569 ad
1532 2472 1916 2553 sententiam
1965 2490 2362 2572 probandam
2412 2491 2632 2555 attulit
2650 2539 2666 2569 ‚

278 2595 419 2659 luce
504 2599 733 2662 clarius
795 2598 1079 2662 ostendit
1139 2595 1313 2659 Flori
1374 2599 1439 2658 et
1483 2595 2045 2660 Pseudo-Victoris
2093 2615 2469 2660 consensum
2516 2597 2668 2661 inde

278 2704 489 2764 ortum
535 2724 669 2768 esse
687 2751 704 2782 ‚
744 2706 917 2787 quod
963 2707 1227 2786 uterque
1270 2702 1537 2790 eundem
1587 2706 1907 2766 auctorem
1955 2705 2204 2767 secutus
2251 2702 2351 2767 sit.

572 2808 740 2873 Flor.
793 2808 888 2885 ΙΙ,
941 2808 1133 2884 2,·6.
1753 2811 1832 2871 de
1884 2808 1999 2873 vir.
2048 2807 2139 2873 ill.
2197 2810 2321 2887 64,
2377 2810 2436 2874 6.

368 2911 529 2978 Cum
585 2916 665 2979 ad
713 2914 1140 3000 perpetranda
1185 2917 1411 2998 coepta
1619 2912 1860 2977 Deinde
1952 2935 2129 2977 cum
2217 2933 2668 2997 prorogare

277 3017 379 3081 die
464 3019 867 3084 comitiorum
961 3020 1419 3104 prorogari
1532 3018 1701 3082 sibi
1769 3021 2286 3103 potestatem
2360 3022 2668 3098 vellet,

280 3125 443 3190 sibi
556 3125 825 3192 vellet
936 3127 1411 3212 imperium,
1530 3125 1807 3189 adversis
1871 3125 2165 3208 auspiciis
2221 3124 2290 3188 in
2341 3127 2668 3210 publicum

277 3235 468 3299 obvia
537 3232 837 3298 nobilitas
900 3281 915 3296 .
946 3281 961 3298 .
990 3281 1005 3298 .
1035 3283 1050 3296 .
1116 3236 1335 3298 caedes
1382 3254 1419 3295 a
1532 3232 1838 3315 processit
1890 3232 2235 3316 statimque
2283 3230 2668 3317 Capitolium

278 3339 419 3404 foro
466 3339 689 3422 coepit.
732 3339 884 3403 inde
921 3361 1065 3404 cum
1115 3340 1184 3402 in
1226 3336 1418 3422 Capi·
1534 3339 1724 3422 petiit
1768 3361 2090 3401 manum
2131 3341 2227 3402 ad
2267 3343 2517 3423 caput
2553 3361 2668 3403 re-

278 3447 509 3511 tolium
534 3444 918 3529 profugisset
943 3446 1317 3530 plebemque
1342 3445 1420 3509 ad
1536 3444 1854 3523 ferens,
1895 3466 2020 3528 quo
2061 3445 2242 3510 salu
2263 3447 2416 3508 tem
2451 3465 2668 3508 suam

278 3551 713 3617 defensionem
822 3551 1128 3616 salutis
1234 3573 1427 3616 suae
1539 3551 1775 3634 populo
1824 3551 2327 3616 commendabat.
2373 3549 2515 3614 Hoc
2556 3570 2668 3613 no-

281 3679 522 3722 manu
571 3661 823 3739 caput
863 3662 1226 3742 tangens
1264 3659 1416 3722 hor·
1528 3655 1748 3720 bilitas
1812 3657 1904 3720 ita
1949 3657 2228 3740 accepit,
2275 3656 2456 3739 quasi
2503 3656 2669 3720 dia-

282 3767 560 3841 taretur‚
622 3763 920 3847 praebuit
986 3765 1257 3848 speciem
1319 3786 1418 3828 re·
1536 3763 1764 3827 dema
1848 3764 2381 3846 posceretur,
2454 3761 2669 3846 segni-

286 3891 483 3955 gnum
540 3869 661 3933 sibi
723 3873 786 3932 et
845 3869 1171 3934 diadem
1190 3892 1229 3934 a
1288 3892 1331 3954 p
1350 3891 1422 3933 ο-
1536 3872 1760 3952 terque
1822 3871 2108 3933 cessante
2154 3867 2366 3934 Mucio
2412 3868 2671 3934 consule

286 3977 608 4042 scentis
630 4022 646 4053 ‚
694 3976 899 4060 adque
944 3977 1037 4041 ita
1085 3979 1243 4041 duce
1289 3975 1424 4042 Sci·
1539 3974 1751 4061 Scipio
1811 3975 2046 4040 Nasica
2109 3977 2287 4061 sequi
2340 3998 2406 4041 se
2449 3974 2633 4040 iussis
2653 4021 2669 4052 ‚

286 4083 476 4168 piene
512 4081 765 4159 Nasica,
806 4083 1125 4147 concitato
1149 4084 1220 4148 in
1244 4103 1425 4148 arma
1539 4083 1650 4167 qui
1709 4083 1950 4149 salvam
2017 4081 2473 4168 rempublicam
2539 4081 2670 4145 vel-

283 4188 555 4274 populo‚
638 4190 819 4272 quasi
852 4180 855 4185 ¹
888 4190 1023 4255 iure
1092 4213 1427 4276 oppres·
1542 4191 1715 4268 lent,
1767 4189 2122 4255 Gracchum
2169 4190 2239 4252 in
2285 4186 2671 4272 Capitolium

285 4317 421 4361 sus
469 4298 611 4360 est.
1540 4299 1904 4380 persecutus
1951 4293 2410 4379 oppressit.

363 4519 421 4589 1)
462 4517 539 4572 cf.
576 4517 747 4589 Opitz.
785 4515 860 4571 1.1.
895 4535 946 4586 p.
980 4517 1099 4569 204.
