3184 5342
1413 435 1496 500 65

255 622 485 690 Victor
547 643 692 685 cum
729 618 923 685 Dion.
968 616 1117 684 Hal.
1165 618 1286 699 IV,
1329 620 1450 699 27,
1501 618 1657 685 Zon.
1710 619 1868 699 VII,
1920 620 1982 687 9.
2024 642 2089 705 p.
2141 621 2293 685 328.
2341 620 2417 703 Β,
2466 619 2638 685 Fast.

254 729 411 816 Cap.
449 727 522 793 C.
569 728 623 792 I.
666 727 736 791 L.
776 730 826 793 I.
871 750 937 812 p.
978 726 1108 791 453
1134 726 1323 811 plura
1346 726 1513 791 bella
1536 730 1997 812 cognoverunt.
2023 726 2217 792 Recte
2241 724 2640 792 Rocenhaue-

261 859 368 903 rus
415 834 530 921 (1.1.
579 858 645 919 p.
699 834 808 922 38)
858 834 1156 919 exposuit
1201 833 1815 899 Pseudo-Victorem
1862 856 1901 898 a
1947 834 2127 899 Livio
2175 833 2209 898 I
2231 882 2246 911 ‚
2296 834 2382 898 45
2423 834 2645 899 discr·

258 964 410 1028 pare
474 942 543 1006 in
603 940 717 1018 iis,
767 964 928 1026 quae
974 942 1052 1006 de
1095 941 1489 1005 immolando
1538 942 1700 1006 bove
1748 944 2111 1006 narrentur.
2160 941 2349 1025 Apud
2394 940 2645 1006 Livium

259 1049 428 1113 enim
468 1048 780 1115 Sabinum
800 1097 816 1127 ,
857 1049 1029 1133 apud
1058 1047 1675 1115 Pseudo-Victorem
1701 1046 1999 1113 Latinum
2027 1048 2257 1112 bovem
2280 1050 2363 1112 ad
2383 1046 2649 1112 Aventi-

261 1177 414 1219 num
477 1154 710 1239 egisse,
777 1156 944 1239 apud
1006 1154 1190 1219 illum
1250 1158 1423 1238 quod
1485 1156 1663 1219 vates
1724 1154 2076 1219 cecinerint
2132 1175 2389 1219 carmen
2432 1153 2646 1238 palam

257 1260 502 1325 factum
549 1282 682 1326 esse
728 1266 792 1326 et
835 1261 916 1325 ad
962 1260 1451 1325 antistitem
1481 1259 1532 1346 1)
1579 1260 1715 1325 fani
1755 1260 1999 1325 Dianae
2038 1259 2438 1345 pervenisse,
2478 1262 2649 1343 apud

259 1366 877 1432 Pseudo-Victorem
934 1367 1236 1431 Latinum
1282 1367 1492 1452 ipsum
1541 1388 1917 1452 responsum
1964 1366 2085 1431 sibi
2132 1366 2382 1432 somnio
2429 1367 2648 1432 datum

260 1473 750 1539 sacerdoti
796 1472 1176 1559 exposuisse.

351 1578 579 1663 Neque
639 1580 750 1643 ubi
811 1579 1328 1645 Pseudo-Victor
1388 1583 1465 1644 de
1527 1580 1773 1645 Tulliae
1820 1580 2051 1644 scelere
2091 1581 2228 1665 agit
2274 1602 2418 1645 cum
2467 1580 2660 1656 Livio,

265 1686 301 1751 1
323 1733 339 1764 ‚
401 1686 512 1763 46,
574 1706 704 1771 seq.
778 1686 1099 1750 consentit
1123 1686 1198 1772 2).
1270 1685 1788 1751 Pseudo-Victor
1855 1687 2025 1751 enim
2098 1692 2319 1751 narrat
2364 1685 2650 1752 Servium

270 1793 560 1857 consulto
621 1791 788 1856 filias
841 1791 1128 1856 moribus
1174 1790 1454 1876 dispares
1499 1792 1590 1857 ita
1639 1792 1975 1877 Tarquinii
2022 1790 2169 1857 filiis
2213 1793 2416 1878 iisque
2456 1792 2653 1858 diver·

269 1920 483 1963 sorum
520 1898 926 1983 ingeniorum
960 1898 1031 1961 in
1067 1898 1478 1962 matrimonio
1516 1897 1886 1977 collocasse,
1930 1903 2048 1963 >ut
2086 1899 2370 1964 omnium
2408 1902 2654 1964 mentes

271 2027 516 2069 morum
568 2004 935 2069 diversitate
981 2004 1211 2069 leniret
1229 2004 1291 2082 ‚”
1336 2004 1558 2069 Livius
1604 2004 1815 2069 >forte
1858 2004 1952 2069 ita
1987 2006 2284 2071 incidisse
2310 2053 2325 2070 .
2355 2058 2369 2073 .
2396 2006 2657 2070 fortuna

279 2111 502 2196 populi
547 2111 862 2177 Romani”
911 2110 1125 2175 refert.
1174 2109 1368 2195 Apud
1414 2110 1691 2176 Pseudo·
1704 2110 2031 2178 Victorem
2080 2138 2110 2173 >
2126 2113 2311 2177 mites
2345 2134 2456 2177 seu
2493 2111 2659 2175 forte

277 2239 389 2282 seu
432 2216 653 2281 fraude
699 2217 1090 2302 perierunt,”
1139 2217 1310 2301 apud
1356 2216 1615 2282 Livium
1663 2239 1702 2281 a
1740 2216 1941 2282 Lucio
1981 2218 2328 2302 Tarquinio
2353 2220 2419 2282 et
2449 2217 2661 2282 Tullia

265 2323 510 2387 minore
553 2323 875 2387 interfecti
916 2327 1087 2387 sunt.
1135 2322 1263 2388 Hic
1308 2323 1731 2407 Tarquinium
1780 2323 1991 2409 ipsum
2038 2345 2324 2388 socerum
2362 2324 2662 2408 gradibus

266 2428 644 2493 deicientem
721 2428 877 2492 facit
895 2475 911 2505 ,
975 2429 1144 2513 apud
1207 2429 1817 2495 Pseudo-Victorem
1901 2451 2015 2494 rex
2086 2429 2419 2514 Tarquinii
2484 2429 2659 2493 iussu

264 2534 577 2620 gradibus
623 2534 899 2599 deiectus
947 2538 1062 2599 est.

356 2642 438 2705 In
484 2641 730 2725 reliqua
773 2640 962 2705 huius
1008 2640 1238 2727 capitis
1279 2644 1457 2725 parte
1496 2641 2001 2707 Pseudo-Victor
2040 2664 2079 2705 a
2102 2641 2273 2707 Livii
2296 2640 2661 2707 narratione

263 2770 402 2813 non
463 2748 800 2833 discrepat.
872 2749 969 2813 De
1029 2748 1231 2814 Servii
1293 2748 1485 2813 Tullii
1546 2769 1779 2834 genere
1797 2797 1813 2827 ,
1872 2748 2145 2833 pueritia
2166 2796 2183 2829 ‚
2228 2749 2662 2815 adulescentia.

267 2855 437 2939 apud
477 2858 818 2939 utrumque
855 2856 1073 2919 eadem
1114 2854 1472 2921 traduntur.
1526 2856 1816 2940 Denique
1841 2877 1987 2920 cum
2010 2878 2140 2921 uno
2165 2855 2351 2921 Livio
2376 2856 2660 2921 Pseudo-

266 2960 491 3024 Victor
537 2958 736 3023 refert
778 2963 906 3023 tres
949 2960 1142 3025 colles
1162 3008 1178 3037 ‚
1227 2959 1619 3036 Quirinalem
1640 3008 1655 3038 ‚
1694 2960 2083 3025 Viminalem
2104 3009 2121 3044 ,
2147 2960 2553 3045 Esquilinum
2580 2961 2663 3025 ab

269 3067 392 3131 hoc
438 3086 586 3150 rege
631 3066 777 3130 urbi
823 3067 1072 3131 additos
1119 3089 1250 3131 esse
1267 3091 1282 3150 ;
1336 3072 1562 3132 contra
1602 3066 1789 3131 Dion.
1831 3066 1979 3131 Hal.
2029 3066 2133 3132 III
2154 3114 2170 3145 ,
2225 3069 2307 3132 13
2342 3069 2409 3131 et
2450 3064 2689 3159 strab.-

276 3171 361 3249 V,
411 3173 470 3255 3,
520 3172 555 3237 7
612 3171 996 3237 Viminalem
1046 3175 1111 3237 et
1156 3172 1564 3257 Esquilinum
1613 3177 1867 3237 tantum
1917 3176 2296 3237 memorant.

365 3383 586 3470 Caput.
637 3385 824 3452 VIII.
873 3384 1016 3451 Hoc
1062 3387 1269 3472 capite
1316 3406 1519 3470 neque
1565 3385 1787 3451 Livius
1826 3386 1961 3471 ipse
1999 3408 2204 3470 neque
2244 3386 2409 3451 Livii
2446 3385 2657 3450 fontes

255 3492 546 3583 ‘adhibiti
591 3514 724 3557 esse
769 3493 1087 3557 videntur.
1150 3492 1438 3557 Primum
1486 3493 1658 3578 apud
1705 3492 1961 3558 Livium
2007 3492 2043 3555 I
2060 3540 2075 3569 ‚
2124 3493 2244 3577 49,
2302 3492 2335 3556 1
2387 3491 2657 3576 Tarqui-

232 3599 378 3663 ·nio
440 3619 796 3683 cognomen
855 3598 1140 3682 Superbo
1187 3598 1433 3663 inditur
1453 3645 1470 3675 ‚
1523 3599 1735 3683 »quod
1782 3620 2071 3663 socerum
2119 3618 2317 3682 gener
2364 3618 2401 3661 a
2448 3599 2660 3682 sepul-

269 3707 416 3769 tura
453 3704 853 3789 prohibuerit
868 3753 886 3789 ,
927 3704 1270 3769 Romulum
1307 3722 1560 3787 quoque
1599 3703 1987 3787 insepultum
2011 3703 2269 3788 periisse
2292 3703 2662 3788 dictitans;'’

269 3812 440 3897 apud
487 3809 1099 3876 Pseudo-Victorem
1144 3808 1576 3894 >Tarquinius
1616 3808 1938 3894 Superbus
1983 3830 2342 3895 cognomen
2381 3811 2665 3875 moribus

269 3916 572 3984 meruit.”
633 3916 730 3981 De
795 3917 962 3982 bello
1009 3939 1156 3983 cum
1199 3915 1451 3982 Latinis
1494 3918 1717 3981 tacent
1762 3936 1984 3979 omnes
2030 3915 2369 4001 scriptores
2414 3920 2667 4002 praeter

207 4084 222 4097 ,
267 4022 882 4089 Pseudo-Victorem
943 4025 1010 4088 et
1071 4021 1200 4088 Cic.
1268 4023 1346 4087 de
1415 4022 1577 4107 Rep.
1626 4022 1725 4099 ΙΙ,
1783 4022 1869 4087 24
1888 4069 1905 4099 ,
1948 4023 2035 4087 44
2082 4022 2360 4108 (nomne
2406 4023 2663 4088 Latium

266 4129 436 4194 bello
499 4129 848 4215 devicit.”).
912 4128 1155 4195 Contra
1217 4128 1354 4194 Liv.
1419 4128 1488 4207 Ι,
1551 4128 1637 4192 50
1679 4131 1746 4193 et
1791 4127 1985 4194 Dion.
2035 4129 2179 4193 Hal.
2232 4130 2348 4207 1V.‚
2397 4128 2665 4193 45-49

343 4310 400 4378 1)
439 4308 518 4364 Cf.
555 4308 698 4365 Plut.
737 4309 952 4379 Quaest.
987 4310 1140 4365 Rom.
1181 4311 1233 4364 4.
1271 4317 1443 4363 ταῦτα
1471 4312 1557 4362 καὶ
1583 4313 1610 4361 ὃ
1648 4314 1815 4375 Ἰόβας
1847 4315 2075 4377 ἱστόρηκε
2104 4313 2187 4364 κα)
2211 4312 2568 4377 Βάρρων,πλῆν
2587 4314 2666 4364 ὅτι
2731 4338 2735 4343 ’

277 4395 465 4459 Βάρρων
520 4395 624 4461 οὐχ
675 4394 770 4447 ὕπὸ
816 4400 909 4447 τοῦ
954 4395 1116 4461 ἱερέως
1163 4396 1288 4447 ἀλλ’
1336 4396 1432 4446 ὑπὸ
1477 4398 1569 4445 τοῦ
1633 4399 1862 4458 νεωκόρου
1893 4396 2311 4460 παρακρουσθῆναι
2346 4398 2433 4446 τὸν
2465 4392 2668 4461 Σαβῖνον

279 4476 554 4548 γέγραφεν.

351 4562 408 4633 2)
446 4560 530 4617 Cf.
565 4562 794 4618 Rosenh.
831 4561 908 4627 l.l.
941 4580 996 4635 p.
1033 4562 1120 4618 37.
2386 4566 2417 4613 5
