3184 5342
1722 409 1761 471 2

639 591 864 677 Neque
930 592 1011 656 ab
1075 591 1152 655 iis
1198 590 1496 654 dissentit
1529 588 1591 653 J.
1648 588 2207 668 Arntzenius,
2256 590 2369 674 qui
2412 590 2481 653 in
2529 588 2932 653 Praefatione

548 700 844 763 editionis
893 698 1134 761 Aurelii
1179 696 1452 760 Victoris
1498 695 1706 760 obiter
1754 700 1831 759 de
1879 695 2170 761 fontibus
2208 696 2410 760 -huius
2453 696 2603 760 libri
2653 695 2791 779 agit
2830 695 2930 759 his

548 806 785 870 verbis:
857 803 1048 869 »Non
1108 802 1352 866 alienus
1414 823 1611 865 essem
1633 849 1653 885 ,
1716 802 1769 864 si
1835 802 1978 885 quis
2040 803 2134 866 ita
2198 802 2434 866 sentiat
2478 824 2647 878 eum,
2703 803 2816 885 qui
2858 801 2930 865 in

543 909 888 994 Epitomen
957 908 1277 973 contraxit
1343 906 1643 973 Caesares
1712 906 1813 970 vel
1885 907 2081 971 alium
2154 907 2424 995 denique
2488 928 2929 992 quemcunque

545 1014 862 1099 Nepotem
923 1013 1259 1098 praecipue
1319 1012 1644 1077 mutilasse
1702 1014 1768 1077 et
1826 1013 1898 1076 in
1959 1013 2277 1078 breviores
2339 1012 2593 1077 tabulas
2653 1016 2893 1077 artasse
2911 1058 2927 1090 ‚

543 1122 637 1185 ita
700 1124 910 1185 tamen
934 1168 949 1197 ‚
1013 1122 1089 1184 ut
1147 1119 1217 1183 in
1279 1118 1597 1203 plerisque
1656 1118 1976 1203 ipsissima
2039 1119 2233 1183 verba
2255 1166 2271 1195 ‚
2317 1122 2630 1204 quantum
2676 1118 2745 1181 id
2791 1118 2927 1182 fieri

546 1227 759 1312 potuit
776 1274 792 1305 ‚
855 1225 1188 1291 retinuerit
1205 1272 1221 1303 ‚
1285 1246 1362 1288 ex
1423 1223 1564 1288 aliis
1620 1224 1812 1289 etiam
1874 1224 2312 1289 interseruerit
2360 1214 2675 1288 nonnulla
2695 1270 2711 1301 ,
2758 1226 2928 1287 unde

547 1333 719 1397 haud
765 1354 909 1397 raro
947 1333 1204 1408 factum,
1244 1332 1318 1393 ut
1353 1330 1703 1414 turpissimi
1746 1352 1987 1395 errores
2022 1331 2097 1394 in
2134 1330 2294 1395 serie
2336 1329 2661 1395 Historiae
2684 1329 2929 1407 fuerint

549 1437 930 1503 commissi.'’

633 1544 829 1609 Paulo
892 1544 1062 1608 infra
1081 1591 1096 1620 ‚
1154 1542 1266 1607 ubi
1326 1562 1514 1627 agam
1576 1542 1654 1606 de
1707 1542 1785 1606 iis
1808 1589 1823 1618 ‚
1871 1544 1980 1626 qui
2026 1547 2249 1607 nostra
2299 1544 2508 1607 aetate
2546 1544 2920 1627 quaestione

539 1650 794 1735 penitus
831 1650 1221 1733 investigata
1258 1648 1867 1713 Pseudo-Victorem
1906 1650 2245 1733 praecipue
2285 1670 2319 1712 e
2360 1646 2610 1731 Nepote
2651 1650 2927 1731 pendere

539 1756 972 1819 demonstrare
1031 1753 1247 1818 eonati
1309 1756 1463 1816 sunt
1479 1802 1494 1833 ,
1547 1754 1705 1818 mihi
1750 1754 1931 1837 eopia
1980 1754 2104 1818 erit
2149 1754 2545 1839 exponendi,
2598 1754 2750 1837 quid
2799 1754 2919 1818 hae

537 1863 616 1925 de
661 1882 730 1925 re
774 1859 1186 1925 statuendum
1231 1859 1540 1923 videatur.
