3184 5342
1428 409 1506 472 11

198 615 203 618 ·
273 593 655 678 honoribuS‚
721 615 759 656 a
820 592 1362 658 Pseudo-Victore
1424 615 1555 656 non
1604 591 1890 675 traditis,
1943 613 2074 655 non
2124 591 2394 655 multum
2444 590 2653 654 valere

268 700 351 764 ad
384 700 519 764 eius
558 701 940 764 sententiam
978 701 1355 764 firmandam
1401 699 1559 763 mihi
1581 699 1897 764 videntur.
1948 698 2118 763 Nam
2143 698 2341 762 cuivis
2363 745 2378 776 ,
2403 697 2515 781 qui
2538 696 2654 760 has

268 806 435 871 vitas
495 806 687 891 paulo
740 806 1096 883 accuratius
1139 801 1517 891 perlegit¹)‚
1566 805 1706 869 luce
1752 805 1982 870 clarius
2035 812 2165 882 est,
2218 802 2652 869 Pseudo-Vic-

270 915 473 975 torem
521 914 775 976 tantum
824 933 1111 976 narrasse
1131 959 1147 989 ‚
1194 910 1462 975 Fabium
1510 911 1833 976 consulem
1895 910 2090 976 fuisse
2136 932 2283 974 cum
2331 911 2408 973 de
2455 909 2653 994 Ligu-

267 1017 443 1081 ribus
488 1017 931 1102 triumpharet.
980 1017 1246 1082 Perraro
1293 1017 1465 1082 enim
1513 1017 2013 1083 Pseudo-Victor
2068 1019 2402 1081 enumerat
2452 1017 2657 1100 magi-

268 1126 506 1188 stratus
541 1146 700 1208 quos
745 1125 889 1208 quis
935 1125 1005 1188 in
1049 1125 1237 1188 rebus
1286 1124 1579 1208 gerendis
1626 1123 1838 1208 gessit.
1890 1122 1988 1187 De
2035 1123 2243 1188 verbis
2290 1122 2400 1187 »H
2419 1124 2656 1187 anni-

268 1229 543 1294 balem
588 1250 813 1294 mora
858 1229 1169 1314 fregit’'
1212 1229 1383 1294 infra
1429 1250 1726 1314 agemus,
1774 1229 1882 1292 ubi
1929 1232 2006 1292 de
2039 1249 2352 1294 consensu
2374 1228 2656 1293 Pseudo-

270 1334 553 1400 Victoris
613 1357 757 1399 cum
818 1335 1006 1400 Floro
1067 1335 1552 1420 disputabimus.
1617 1335 1706 1398 Et
1749 1335 2132 1399 Enmanuus
2179 1338 2246 1398 et
2292 1334 2655 1399 Hildeshei-

271 1462 483 1505 merus
519 1441 811 1525 inprimis
852 1443 1181 1506 ostendere
1220 1442 1438 1506 conati
1462 1444 1616 1505 sunt
1638 1443 1953 1526 quantum
1980 1440 2485 1505 Pseudo-Victor
2509 1462 2652 1505 cum

272 1547 479 1630 elogio
525 1552 839 1631 congruat
882 1549 953 1611 in
1000 1548 1079 1612 iis
1098 1596 1113 1626 ‚
1162 1570 1323 1632 quae
1367 1551 1444 1612 de
1492 1547 1775 1612 Minucio
1824 1548 2130 1631 magistro
2177 1547 2461 1630 equitum
2504 1568 2656 1611 nar-

272 1655 517 1716 rantur.
587 1652 709 1718 Sed
775 1675 919 1718 cum
980 1655 1059 1718 ad
1122 1677 1255 1718 rem
1302 1655 1505 1739 ipsam
1555 1676 1688 1718 non
1729 1655 1808 1717 ad
1859 1654 2050 1718 verba
2097 1654 2383 1718 animum
2432 1654 2658 1718 adver-

270 1757 465 1822 timus
485 1805 500 1836 ,
546 1759 832 1824 videmus
872 1782 1016 1824 eum
1056 1781 1434 1825 consensum
1471 1782 1621 1825 casu
1660 1763 1873 1824 ortum
1915 1781 2118 1843 neque
2156 1760 2306 1824 inde
2347 1759 2658 1843 colligen-

271 1864 421 1927 dum
490 1886 623 1929 esse
684 1864 1291 1931 Pseudo-Victorem
1356 1888 1433 1930 ex
1492 1866 1703 1950 elogio
1770 1868 2101 1950 pendere..
2136 1865 2421 1931 Primum
2486 1865 2656 1929 enim

270 1969 411 2033 aliis
456 1991 710 2054 quoque
755 1961 911 2036 locis
929 2019 945 2049 ,
995 1972 1106 2037 ubi
1152 1971 1271 2036 hac
1318 1975 1397 2036 de
1435 1992 1503 2034 re
1544 1972 1758 2056 agitur
1779 2019 1794 2048 ‚
1837 1971 2109 2055 legimus
2148 1971 2439 2055 magistri
2479 1971 2658 2054 equi-

270 2077 410 2138 tum
476 2076 912 2160 imperium
978 2099 1121 2141 cum
1191 2077 1518 2141 dictatoris
1578 2077 1852 2161 ‚imperio
1924 2084 2374 2161 aequatum
2425 2077 2657 2171 esse‘2).

271 2181 565 2266 Denique
606 2183 867 2248 verbum
904 2183 1504 2260 subveniendi,
1545 2184 1715 2268 quod
1764 2183 1929 2268 apud
1983 2187 2320 2267 utrumque
2364 2183 2655 2266 legimus,

273 2288 550 2372 saepius,
590 2311 735 2354 cum
775 2293 853 2354 de
889 2290 1127 2355 auxilio
1159 2290 1423 2354 ferendo
1468 2289 1717 2374 agitur,
1756 2290 2094 2355 adhibetur
2117 2339 2136 2374 ‚
2177 2311 2370 2374 quam
2414 2292 2487 2354 ut
2509 2289 2658 2353 inde

281 2393 578 2477 colligere
623 2395 815 2459 liceat
858 2396 1127 2460 alterum
1156 2418 1252 2460 ,ex
1297 2395 1499 2461 altero
1548 2397 1842 2479 pendere.

366 2497 668 2582 Elogium
706 2499 1077 2567 L.‚Aemilii
1115 2501 1320 2566 Pauli.
1718 2503 1795 2566 de
1841 2503 1956 2567 vir.
2004 2503 2096 2568 ill.
2147 2501 2255 2579 56,
2301 2503 2358 2566 1.
2412 2503 2471 2568 3.

481 2602 550 2667 O.
598 2605 649 2667 I.
699 2605 772 2704 L.
822 2605 874 2672 I.
924 2629 988 2690 p.
1040 2607 1191 2670 289.

368 2707 1100 2792 —Liguribusdomitis
1139 2713 1411 2797 priore
1528 2751 1610 2762 —
1653 2716 1924 2799 primo
1966 2714 2441 2798 consumta,
2468 2736 2657 2798 quem

272 2835 307 2878 c
324 2834 362 2876 o
382 2836 423 2876 n
441 2835 470 2878 s
484 2815 559 2878 ul
583 2838 620 2879 a
638 2817 667 2878 t
686 2840 725 2880 u
783 2817 1227 2902 triumphavit.
1275 2820 1406 2886 Ite-
1525 2826 1672 2905 post
1711 2825 1840 2886 tres
1875 2823 2157 2906 repulsas
2196 2824 2463 2905 adeptus
2487 2825 2623 2885 erat
2642 2868 2658 2898 ,

271 2941 415 2983 rum
484 2922 706 2985 consul
733 2971 748 2986 .
780 2974 795 2990 .
824 2971 838 2987 .
879 2921 883 2925 ’
909 2923 1114 2989 factus
1184 2928 1280 2990 est
1306 2973 1321 2990 .
1352 2974 1365 2989 .
1392 2976 1406 2992 .
1526 2926 1603 2990 de
1650 2926 1991 3011 Liguribus
2037 2927 2480 3010 triumphavit.
2528 2925 2659 2990 Ite-

269 3046 304 3087 r
319 3046 353 3088 e
370 3045 413 3109 g
430 3047 465 3091 e
483 3048 546 3089 m
565 3049 687 3111 que
751 3051 891 3093 cum
919 3043 925 3050 '
960 3030 1109 3094 filiis
1155 3053 1188 3094 c
1205 3053 1239 3096 e
1254 3032 1337 3116 pi
1359 3037 1405 3097 t.
1524 3054 1667 3095 rum
1711 3032 1932 3097 consul
1969 3033 2202 3098 Persen
2226 3032 2510 3116 Philippi
2533 3032 2660 3096 fili-

1523 3160 1632 3202 um
1700 3160 1732 3201 r
1747 3161 1781 3203 e
1796 3160 1841 3222 g
1858 3161 1891 3202 e
1908 3162 1970 3202 m
2020 3139 2442 3204 Macedonum
2490 3139 2659 3222 apud

1518 3243 1963 3309 Samothracas
2009 3267 2044 3308 c
2061 3266 2095 3308 e
2108 3268 2151 3329 p
2167 3245 2190 3309 i
2207 3248 2253 3308 t.

269 3411 394 3459 1166,
433 3394 498 3448 (16
533 3394 615 3449 his
648 3394 1005 3466 triumphavit.
1046 3397 1133 3463 27,
1173 3397 1219 3450 1.
1258 3395 1479 3452 Publius
1511 3397 1706 3453 Decius
1728 3440 1740 3453 .
1764 3440 1808 3452 ..
1842 3398 2012 3469 primo
2044 3397 2224 3452 consul
2255 3397 2320 3453 de
2340 3397 2659 3453 Samnitibus

264 3479 623 3552 triumphavit.
672 3483 771 3546 32,
826 3482 872 3534 Ι.
929 3482 1159 3552 Quintus
1212 3482 1407 3537 Fabius
1464 3484 1748 3538 Rullianus
1801 3483 2026 3554 primum
2071 3485 2138 3538 de
2176 3484 2364 3555 Apulis
2401 3487 2455 3539 et
2494 3485 2662 3538 Luce·

266 3565 423 3632 riuis,
473 3566 664 3621 iterum
715 3567 779 3622 de
830 3567 1182 3634 SamnitibuS,
1232 3568 1391 3624 tertio
1428 3569 1494 3625 de
1532 3570 1728 3636 Gallis,
1771 3571 2010 3636 Umbris,
2049 3571 2240 3626 Marsis
2278 3574 2438 3640 atque
2477 3569 2660 3625 Tuscis

268 3647 624 3724 triumphavit.
665 3655 761 3718 33,
802 3656 849 3708 3.
890 3654 964 3708 M.
1004 3654 1195 3710 Curius
1232 3657 1494 3710 Dentatus
1524 3655 1715 3710 iterum
1749 3656 1815 3711 de
1846 3657 2054 3712 Sabinis
2088 3656 2447 3727 triumphavit.
2480 3656 2661 3710 Tertio

268 3737 336 3792 de
378 3739 610 3794 Lucanis
658 3758 823 3795 ovans
871 3740 1051 3796 urbem
1101 3740 1359 3796 introivit.
1402 3743 1500 3806 50,
1541 3744 1590 3795 1.
1647 3742 1833 3797 Livius
1872 3743 2132 3797 Salinator
2169 3743 2338 3814 primo
2377 3743 2559 3798 consul
2595 3741 2661 3797 de

265 3823 458 3896 Illyriis
501 3826 865 3898 triumphavit.
912 3829 960 3882 2.
1000 3828 1199 3882 Iterum
1224 3869 1235 3882 .
1258 3869 1271 3882 .
1293 3869 1306 3882 .
1346 3827 1412 3881 de
1450 3827 1788 3883 Hasdrubale
1825 3829 2186 3900 triumphavit.
2231 3831 2326 3894 56,
2359 3832 2410 3883 1.
2461 3829 2660 3884 Lucius

270 3910 485 3965 Paullus
522 3913 777 3968 Aemilius
816 3913 883 3968 de
918 3914 1206 3986 Liguribus
1237 3915 1600 3986 triumphavit.
1633 3918 1698 3970 62
1716 3958 1729 3980 ,
1765 3917 1812 3970 1.
1851 3916 2080 3981 Quintus
2112 3915 2368 3971 Caecilius
2388 3915 2657 3982 MetelluS,

270 3995 364 4065 qui
399 3998 579 4052 consul
618 3999 683 4053 de
720 3998 985 4071 Iugurtha
1022 4019 1148 4072 rege
1184 4001 1468 4056 Numidiae
1502 4001 1865 4074 triumphavit.

344 4084 400 4153 1)
440 4084 596 4152 Quod
648 4086 979 4141 Eumannum
1029 4087 1427 4159 diligentissime
1476 4087 1661 4142 fecisse
1708 4087 1933 4143 libenter
1982 4088 2168 4144 fateor.
2208 4089 2326 4157 Quo
2361 4088 2528 4159 magis
2565 4088 2655 4143 mi-

267 4168 490 4223 randum
530 4175 611 4226 est
647 4191 762 4226 eum
809 4172 947 4228 hanc
984 4172 1447 4228 Pseudo-Victoris
1482 4173 1916 4229 consuetudinem
1956 4193 2060 4229 non
2097 4174 2416 4231 observasse.

342 4257 399 4325 2)
439 4255 557 4311 Liv.
588 4257 785 4324 XXII,
822 4261 887 4313 25
907 4302 922 4325 ,
957 4261 1041 4313 11.
1073 4259 1139 4314 (16
1176 4259 1539 4330 aequando
1577 4260 1814 4332 magistri
1855 4261 2089 4330 equitum
2129 4265 2183 4315 et
2219 4260 2491 4315 dictatoris
2527 4260 2656 4315 iure.

268 4347 355 4411 26,
378 4346 427 4399 7.
460 4344 526 4399 (16
554 4350 852 4416 aequato
889 4347 1199 4418 imperio,
1238 4349 1336 4412 27,
1360 4349 1407 4401 3.
1452 4346 1765 4402 dictatorem
1797 4348 2050 4419 magistro
2084 4347 2404 4417 equitum...
2429 4365 2662 4418 aequa·

267 4434 419 4485 tum.
454 4434 501 4484 5.
530 4431 967 4501 quemadmodum
1002 4433 1295 4504 imperio
1330 4453 1495 4503 aequ
1514 4438 1627 4487 ato
1658 4437 1894 4488 utantur.
1915 4435 2032 4488 Val.
2053 4434 2200 4488 Max.
2220 4435 2333 4499 III,
2356 4436 2404 4502 8,
2425 4436 2473 4488 2.
2495 4434 2656 4488 dicta·

266 4516 372 4571 tori
408 4517 455 4572 ei
484 4516 789 4590 magistrum
830 4519 1067 4589 equitum
1106 4519 1403 4574 Minucium
1440 4519 1557 4575 iure
1591 4519 1872 4592 imperii
1909 4523 2124 4575 senatus
2163 4524 2598 4592 aequaverat.
