3184 5342
1681 364 1762 425 12

610 531 1153 611 Hildesheimerus
1199 550 1368 610 recte
1414 548 1684 610 adnotat
1729 549 1970 610 ceteros
2006 566 2227 610 omnes
2275 547 2618 630 scriptores
2659 549 2932 612 tradere

520 639 869 718 Aemilium
916 653 1189 718 Paulum
1236 652 1829 736 proconsulem
1878 674 2014 716 non
2052 653 2490 717 consulem
2532 656 2612 717 (16
2653 654 2928 738 Liguri-

520 759 640 824 bus
665 758 1107 842 triumphasse.
1153 757 1279 844 (Of.
1321 757 1459 823 Liv.
1502 757 1658 840 XL,
1703 759 1788 823 34
1809 806 1825 836 ‚
1870 759 1930 823 7.
1976 757 2048 822 L.
2089 758 2402 823 Aemilius
2443 759 2686 825 Paulus
2730 781 2928 843 pro-

521 887 611 930 co
630 888 673 928 n
692 867 815 929 sul
866 869 945 929 de
988 864 1333 949 Liguribus
1376 864 1842 949 triumphavit).
1886 865 2200 929 Attamen
2244 866 2313 929 id
2351 886 2486 929 non
2525 865 2746 950 magni
2769 887 2922 930 1110-

520 972 723 1036 menti
782 970 1149 1034 habendum
1210 974 1327 1036 est.
1377 970 1662 1034 Primum
1708 971 1778 1034 in
1826 970 2036 1054 elogio
2083 973 2148 1034 et
2195 970 2267 1034 in
2311 971 2447 1035 vita
2466 1018 2482 1048 ‚
2531 971 2920 1055 conscriptis

522 1080 658 1141 tam
708 1077 929 1161 paucis
974 1077 1182 1141 verbis
1202 1124 1219 1154 ‚
1265 1077 1615 1161 exspectari
1659 1098 1796 1141 non
1840 1079 2054 1160 potest
2092 1080 2198 1154 ut,
2245 1076 2301 1141 si
2334 1077 2482 1160 >quis
2518 1080 2598 1141 de
2637 1077 2880 1162 populo
2901 1125 2922 1155 ‚

524 1177 715 1268 (1116111
754 1183 979 1248 66116111
1010 1183 1385 1260 domuisset,
1424 1183 1770 1267 proconsul
1807 1182 2206 1266 triumphum
2247 1183 2478 1266 egerit,
2524 1186 2604 1247 de
2644 1187 2926 1266 utroque

523 1290 907 1372 magistratu
968 1312 1007 1353 a
1078 1289 1495 1373 scriptoribus
1555 1290 1801 1354 mentio
1864 1289 1998 1352 fiat.
2069 1287 2213 1352 Hoc
2259 1291 2513 1352 tantum
2561 1291 2768 1372 agunt
2781 1335 2799 1365 ‚
2845 1293 2926 1352 ut

520 1395 787 1459 tradant
834 1395 917 1459 ab
955 1417 1062 1480 eo,
1108 1381 1288 1459 cuius
1310 1417 1410 1458 res
1434 1399 1645 1478 gestas
1668 1395 2033 1460 describant
2051 1442 2067 1472 ,
2093 1394 2408 1478 populum
2429 1395 2707 1479 aliquem
2725 1442 2741 1472 ‚
2765 1416 2916 1459 cum

525 1500 747 1566 consul
810 1503 973 1564 esset
992 1547 1008 1579 ‚
1062 1501 1417 1565 subiectum
1466 1523 1598 1566 esse
1621 1549 1637 1579 ,
1686 1503 1795 1566 sed
1839 1523 2067 1586 parum
2114 1504 2346 1565 curant
2394 1505 2607 1566 utrum
2651 1505 2871 1566 eodem
2895 1549 2914 1580 ,

523 1630 651 1692 quo
698 1607 1099 1672 consulatum
1139 1609 1405 1691 gesserit
1425 1656 1440 1686 ‚
1467 1631 1551 1672 an
1573 1610 1864 1693 proximo
1890 1631 2062 1673 611110
2087 1608 2597 1693 triumphaverit.
2623 1607 2872 1672 Deinde
2895 1656 2913 1687 ‚

522 1720 600 1778 ut
643 1736 837 1797 supra
884 1715 1160 1778 vidimus
1179 1761 1197 1791 ‚
1250 1703 1753 1780 Pseudo-Victor
1799 1736 1985 1798 saepe
2032 1715 2109 1778 de
2145 1715 2488 1798 triumphis
2527 1715 2619 1779 ita
2656 1720 2916 1781 tantum

524 1822 690 1906 agit,
741 1823 816 1883 ut
859 1842 1052 1903 quam
1097 1820 1465 1884 brevissime
1510 1821 1819 1906 populum
1867 1821 2142 1905 aliquem
2193 1821 2548 1886 subiectum
2588 1843 2722 1886 6666
2762 1845 2916 1886 nar-

523 1930 625 1991 ret
684 1947 890 2010 neque
951 1924 1153 2010 igitur
1215 1926 1577 1991 mirandum
1639 1929 1737 1992 est
1783 1925 2395 1991 Pseudo-Victorem
2442 1926 2649 1992 facere
2695 1927 2917 1992 Aemi-

524 2033 683 2096 lium
730 2030 1238 2114 triumphantem
1279 2032 1356 2096 de
1400 2030 1740 2117 Liguribus
1778 2054 1906 2116 quo
1945 2054 2116 2096 anno
2159 2054 2268 2096 606
2304 2034 2640 2098 domuerit.
2684 2032 2914 2118 Itaque

524 2141 683 2224 puto
746 2159 892 2200 eum
953 2158 1227 2201 errorem
1248 2184 1263 2215 ,
1334 2139 1447 2221 qui
1492 2141 1559 2201 et
1595 2139 1663 2201 in
1713 2138 1919 2222 elogio
1968 2141 2035 2202 et
2087 2139 2259 2222 apud
2305 2138 2913 2204 Pseudo-Victorem

526 2245 899 2308 commissus
944 2247 1074 2320 est,
1127 2264 1261 2307 11011
1308 2265 1384 2307 ex
1430 2245 1754 2308 communi
1798 2244 1979 2308 fonte
2019 2243 2369 2328 (Hildesh.)
2409 2247 2525 2307 aut
2560 2248 2731 2328 quod
2757 2245 2912 2310 alter

525 2350 797 2413 alterum
843 2348 1244 2432 descripserit
1290 2348 1671 2436 (Eumann.)
1717 2351 1827 2415 sed
1873 2372 1908 2414 e
1952 2351 2047 2414 rei
2093 2354 2324 2414 natura
2370 2353 2580 2413 ortum
2631 2373 2793 2430 esse,
2841 2356 2911 2415 ut

528 2456 600 2520 in
645 2455 833 2520 rebus
878 2455 1252 2520 enarrandis
1297 2455 1600 2520 brevitati
1645 2456 2101 2520 consuleretur.
2377 2533 2384 2541 ι

618 2561 771 2627 Non
849 2560 1071 2625 multis
1152 2553 1362 2627 verbis
1432 2563 1890 2647 disputandum
1955 2567 2053 2627 est
2122 2566 2197 2626 ut
2255 2564 2658 2628 ostendamus
2718 2565 2896 2627 verba

528 2688 846 2751 >regem
894 2666 1194 2748 cepit”‚
1234 2688 1399 2749 quae
1442 2670 1615 2750 apud
1654 2669 1994 2752 utrumque
2032 2673 2392 2747 occurrunt,
2421 2669 2584 2732 nihil
2608 2669 2808 2735 valere
2829 2667 2908 2729 ad

530 2795 909 2838 consensum
989 2759 1553 2837 Pseudo-Victoris
1623 2795 1767 2837 cum
1837 2774 2048 2858 elogio
2113 2775 2536 2859 probandum.
2630 2774 2909 2839 Primum

531 2881 726 2946 verba
772 2899 905 2943 non
954 2881 1176 2943 eodem
1224 2879 1447 2944 ordine
1496 2880 1578 2943 ab
1628 2883 1899 2964 utroque
1945 2882 2182 2965 scripta
2227 2884 2381 2945 sunt
2398 2927 2415 2957 ‚
2455 2903 2609 2945 nam
2647 2903 2728 2944 re
2745 2900 2837 2962 ge
2853 2899 2914 2941 m

530 2989 704 3071 apud
741 2984 1352 3050 Pseudo-Victorem
1390 2987 1751 3070 appositum
1795 2990 1892 3052 ω’(
1937 2988 2339 3052 substantivo
2385 2986 2488 3050 fil
2506 2987 2691 3049 ium.
2737 2983 2826 3047 Et
2861 2983 2915 3045 si

530 3097 796 3177 uterque
864 3113 1058 3176 quam
1124 3091 1586 3176 simplicissime
1647 3113 1862 3178 regem
1927 3094 2455 3179 comprehensum
2518 3113 2651 3155 esse
2710 3089 2918 3153 verbis

531 3219 851 3282 >regem
898 3197 1173 3280 cepit”
1233 3203 1486 3275 narrat,
1526 3221 1682 3263 num
1722 3200 1875 3264 licet
1897 3223 2115 3280 eorum
2138 3199 2474 3263 verborum
2499 3193 2919 3278 congruentia

531 3304 628 3369 uti
673 3306 757 3368 ad
801 3302 1205 3386 probandum
1250 3303 1521 3367 alterum
1568 3327 1646 3369 ex
1694 3306 1896 3370 altero
1944 3309 2220 3391 pendere
2234 3307 2265 3368 ’Β

756 3408 1059 3492 Elogium
1104 3409 1179 3474 O.
1234 3409 1443 3476 Marii.
1962 3415 2042 3476 de
2087 3411 2207 3476 vir.
2253 3410 2346 3475 ill.
2395 3409 2518 3487 67,
2563 3410 2621 3472 1.
2666 3409 2727 3470 2.

731 3513 803 3580 O.
850 3513 905 3579 Ι.
953 3515 1029 3579 L.
1077 3513 1134 3580 I.
1180 3539 1244 3599 p.
1297 3517 1445 3580 290.

622 3620 692 3688 O.
742 3621 982 3686 Marius
1021 3623 1341 3705 septies
1382 3623 1666 3688 consul
1871 3622 1942 3691 G.
1969 3623 2210 3688 Marius
2249 3622 2585 3706 septies
2631 3620 2915 3685 c'onsul

528 3751 624 3813 pr.
672 3733 752 3792 tr.
801 3727 887 3811 pl.
938 3749 1188 3811 quaes
1207 3733 1236 3793 t
1253 3750 1337 3792 or
1383 3750 1529 3815 aug.
1570 3735 1653 3794 tr.
1774 3731 1996 3815 primis
2011 3729 2360 3792 honoribus
2397 3750 2440 3812 p
2457 3750 2537 3791 er
2570 3727 2913 3791 ordinem

528 3834 807 3900 militum
827 3871 911 3882 -—
928 3855 1072 3897 eum
1098 3832 1525 3919 (Iugurtham)
1543 3859 1577 3901 6
1591 3859 1660 3900 e-
1777 3836 2054 3900 functus·
2079 3872 2160 3881 —
2183 3833 2563 3916 Iugurtham
2603 3854 2638 3896 6
2655 3855 2693 3896 6
2707 3856 2749 3917 p
2762 3835 2841 3895 tu
2853 3855 2913 3895 m

529 3940 660 4024 pit
704 3944 768 4004 et
804 3939 1210 4024 triumphans
1255 3963 1293 4004 a
1312 3966 1357 4006 n
1375 3946 1453 4006 te
1492 3965 1581 4007 cu
1604 3966 1669 4006 r-
1786 3945 1984 4006 ante
2031 3961 2280 4004 curru
2300 3961 2364 4002 m
2405 3939 2560 4023 egit.
2601 3938 2682 4002 In
2706 3939 2915 4022 proxi-

528 4069 562 4110 r
577 4071 620 4111 u
637 4068 702 4109 111
748 4068 778 4110 6
799 4069 842 4110 11
858 4069 899 4109 11
917 4068 980 4109 111
1022 4046 1062 4109 (1
1079 4070 1122 4111 u
1138 4047 1210 4112 ci
1231 4047 1436 4112 iussit.
1454 4048 1666 4112 Terti-
1785 4070 1959 4111 mum
2001 4067 2244 4110 annum
2271 4045 2496 4109 consul
2525 4047 2691 4111 ultro
2717 4046 2914 4110 factus

474 4231 481 4236 ·
528 4175 635 4216 um
670 4153 895 4217 consul
934 4152 1163 4217 absens
1203 4159 1462 4219 creatus·
1477 4157 1547 4234 ¹).
1572 4154 1671 4219 IV
1788 4151 2079 4219 Gimbros
2125 4152 2194 4215 in
2237 4150 2446 4215 Gallia
2484 4152 2657 4235 apud
2702 4151 2914 4236 Aquas

529 4280 656 4324 cos.
682 4259 1111 4324 Teutonarum
1138 4262 1480 4325 exercitum
1500 4261 1667 4325 dele·
1781 4259 2031 4325 Sextias
2047 4305 2065 4336 ‚
2129 4257 2456 4322 Teutonas
2503 4259 2574 4321 in
2619 4258 2808 4324 Italia
2847 4257 2912 4320 in

600 4463 655 4531 1)
690 4461 769 4516 Cf.
805 4460 927 4518 Liv.
960 4461 1059 4535 Ep.
1099 4465 1185 4518 67.
1222 4464 1424 4519 Marius
1473 4462 1710 4519 secundo
1749 4466 1805 4518 et
1840 4462 1999 4517 tertio
2034 4425 2226 4517 absens
2261 4461 2442 4517 consul
2481 4464 2707 4517 creatus.
