3184 5342
1676 382 1761 445 92

532 572 736 633 tatus·
769 571 844 631 de
913 566 1307 632 Samnitibus
1371 566 1535 649 egit,
1602 567 2132 629 commemoratur
2193 566 2360 649 apud
2408 565 2542 629 Liv.
2594 565 2715 650 Ep.
2763 565 2916 630 libr.

533 675 666 751 XI,
716 672 899 737 Eutr.
950 673 1050 749 II,
1107 675 1184 749 9,
1235 672 1364 737 Cic.
1422 672 1564 735 Cat.
1618 671 1763 735 mai.
1818 673 1936 748 16,
1988 671 2093 748 55,
2141 670 2333 756 Apul.
2383 670 2571 755 Apol.
2612 674 2707 735 ed.
2750 670 2919 737 Bos-

537 783 706 859 scha,
757 805 818 866 p.
871 782 1021 845 431.
1074 778 1246 854 Quae
1285 778 1795 842 Pseudo-Victor
1834 779 1910 841 de
1952 777 2345 842 Samnitibus
2382 800 2580 861 usque
2620 779 2698 842 ad
2739 799 2922 843 mare

531 910 829 972 superum
879 886 1234 970 perpacatis
1282 887 1346 948 et
1395 888 1470 948 de
1515 886 1815 949 victoriae
1861 884 2304 969 magnitudine
2348 885 2598 949 rettulit
2621 933 2636 962 ,
2681 884 2917 949 confu-

530 994 626 1057 dit
674 1015 815 1057 cum
866 993 944 1057 iis
969 1041 983 1069 ,
1031 1015 1194 1077 quae
1242 995 1321 1055 ad
1371 991 1644 1066 bellum,
1687 1012 1829 1054 cum
1870 990 2123 1056 Sabinis
2160 995 2443 1074 gestum,
2481 992 2813 1074 pertinent
2842 990 2919 1076 1).

531 1100 698 1165 Flor.
749 1099 818 1176 I,
871 1100 991 1182 10,
1045 1101 1082 1161 2
1133 1099 1210 1163 (16
1257 1098 1376 1161 hac
1425 1097 1806 1161 Sabinorum
1855 1097 2032 1159 clade
2079 1096 2172 1159 ita
2219 1096 2535 1179 disputat:
2584 1096 2746 1161 »Sed
2783 1097 2920 1161 Ou-

532 1208 627 1270 rio
676 1205 956 1269 Dentato
1007 1204 1266 1269 consule
1305 1224 1554 1266 omnem
1599 1225 1742 1267 eum
1781 1204 2088 1283 tractum,
2132 1225 2259 1285 qua
2301 1202 2473 1279 Nar,
2524 1202 2725 1281 Anio,
2762 1203 2920 1268 fon-

530 1317 624 1376 tes
688 1312 933 1395 Velini,
999 1310 1328 1374 Hadriano
1389 1313 1572 1373 tenus
1645 1310 1804 1373 mari
1862 1309 1998 1392 igni
2064 1309 2357 1393 ferroque
2411 1310 2701 1376 vastavit.
2764 1295 2923 1386 Qua

534 1417 798 1481 victoria
865 1419 1118 1479 tantum
1182 1415 1511 1479 hominum
1534 1464 1548 1492 ,
1617 1419 1872 1478 tantum
1926 1435 2223 1499 agrorum
2288 1418 2614 1479 redactum
2677 1419 2775 1481 est
2847 1418 2923 1483 in

535 1526 952 1608 potestatem,
1016 1525 1091 1585 ut
1149 1522 1218 1585 in
1282 1525 1426 1586 utro
1490 1523 1633 1605 plus
1698 1523 1913 1606 posset
1975 1543 2090 1585 nec
2139 1521 2275 1605 ipse
2321 1527 2534 1605 posset
2580 1523 2923 1588 aestimare

534 1630 645 1713 qui
706 1628 1008 1692 vicerat”.
1075 1628 1254 1692 Idem
1327 1627 1584 1692 Orosius
1632 1627 1765 1703 ΙΙΙ,
1820 1628 1941 1703 22,
1998 1628 2075 1693 11
2127 1628 2358 1691 tradit:
2414 1626 2646 1692 »Anno
2694 1630 2921 1695 subse-

537 1735 772 1818 quente
819 1756 962 1797 cum
1011 1734 1260 1799 Sabinis
1306 1734 1500 1799 Curio
1548 1735 1805 1799 consule
1853 1734 2091 1799 bellum
2132 1739 2380 1819 gestum
2428 1740 2558 1819 est,
2609 1736 2720 1801 ubi
2756 1742 2923 1821 quot

536 1840 712 1904 milia
773 1840 1106 1904 hominum
1169 1839 1538 1916 interfecta,
1598 1843 1758 1924 quot
1802 1843 1989 1923 capta
2036 1841 2201 1918 sint,
2252 1842 2385 1925 ipse
2428 1843 2647 1906 consul
2696 1847 2918 1909 osten-

537 1947 666 2022 dit,
731 1946 841 2029 qui
904 1968 1047 2009 cum
1099 1946 1168 2008 in
1217 1954 1440 2009 senatu
1491 1946 1997 2029 magnitudinem
2046 1947 2348 2029 adquisiti
2395 1948 2536 2031 agri
2581 1948 2799 2013 Sabini
2850 1955 2919 2015 et

536 2052 1012 2115 multitudinem
1054 2052 1222 2134 capti
1262 2052 1482 2135 populi
1521 2051 1752 2115 referre
1792 2052 2013 2128 vellet,
2056 2075 2389 2116 numerum
2432 2055 2745 2138 explicare
2779 2078 2913 2120 non

537 2157 791 2242 potuit”
859 2157 984 2243 (Of.
1049 2156 1193 2221 Dio.
1258 2157 1430 2221 Cass
1497 2156 1574 2219 fr.
1646 2158 1775 2241 37).
1844 2158 2100 2221 Praeter
2169 2156 2285 2220 hos
2332 2160 2701 2243 scriptores,
2750 2184 2907 2245 quos

536 2288 726 2349 supra
772 2266 1171 2341 enumeravi,
1224 2264 1358 2329 Liv.
1417 2263 1534 2341 ].1.,
1582 2263 1803 2327 Front.
1846 2263 2037 2328 Strat.
2097 2264 2163 2339 I,
2227 2266 2301 2339 8,
2366 2267 2407 2328 4
2457 2265 2632 2330 1111116
2684 2266 2905 2330 trium-

537 2372 738 2456 phum
801 2374 878 2435 de
941 2370 1192 2434 Sabinis
1256 2374 1467 2433 actum
1531 2372 2049 2433 commemorant.
2144 2369 2329 2435 Unus
2363 2452 2372 2461 .
2403 2372 2917 2437 Pseudo-Victor

538 2479 801 2543 Curium
845 2480 922 2543 de
968 2478 1240 2569 Lucanis
1287 2500 1504 2543 ovasse
1552 2479 1761 2543 refert.
1792 2476 1841 2562 2)

625 2585 834 2650 Nemo
882 2586 1153 2669 scriptor
1198 2586 1322 2649 nisi
1371 2584 1880 2649 Pseudo-Victor
1910 2588 2219 2668 quaterna
2243 2586 2405 2648 dena
2426 2586 2647 2667 iugera
2671 2585 2924 2650 viritim

538 2692 740 2754 divisa
805 2714 938 2755 esse
1004 2692 1300 2767 tradidit,
1366 2696 1590 2754 contra
1638 2692 1803 2754 Plin.
1854 2690 2007 2755 Nat.
2050 2690 2221 2754 Hist.
2272 2689 2539 2766 XVIII,
2591 2690 2711 2773 18,
2761 2689 2919 2756 Val.

537 2796 707 2858 Max.
774 2796 869 2859 IV
895 2778 1030 2871 ‚'3,
1085 2796 1145 2871 5,
1197 2796 1442 2861 Colum.
1492 2796 1687 2879 praef.
1746 2797 1827 2859 14
1874 2800 2133 2880 septena
2178 2799 2431 2859 tantum
2478 2796 2699 2877 iugera
2740 2815 2921 2857 com-

539 2903 913 2966 memorant.
965 2900 1226 2963 Curium
1267 2901 1472 2985 ipsum
1513 2902 1613 2966 tot
1654 2902 1978 2985 iugeribus
2000 2949 2014 2976 ,
2057 2905 2215 2984 quot
2250 2900 2919 2984 ceteriaccepissent,

539 3009 914 3072 contentum
970 3008 1195 3081 fuisse,
1259 3010 1507 3090 praeter
1569 3030 1673 3071 eos
1720 3008 2055 3091 scriptores
2076 3056 2089 3083 ,
2140 3009 2217 3070 de
2264 3006 2493 3089 quibus
2542 3006 2729 3069 modo
2779 3008 2920 3089 egi,

538 3114 760 3178 Front.
811 3114 1005 3179 Strat.
1053 3114 1176 3192 IV,
1233 3116 1307 3191 3,
1360 3117 1440 3179 12
1496 3115 1778 3178 tradidit.

629 3220 1140 3288 Pseudo-Victor
1199 3242 1330 3284 non
1400 3222 1717 3304 discrepat
1778 3244 1814 3284 a
1878 3221 2101 3285 ceteris
2164 3220 2616 3304 scriptoribus,
2684 3220 2791 3283 ubi
2838 3223 2923 3284 de

538 3346 838 3407 responso
905 3328 1073 3410 agit,
1139 3328 1309 3413 quod
1373 3326 1603 3391 Curius
1666 3327 1895 3410 legatis
1956 3326 2378 3402 Samnitium,
2428 3326 2539 3409 qui
2587 3327 2645 3390 ei
2693 3348 2923 3390 aurum

541 3431 942 3509 obtulerant,
1006 3434 1196 3497 dedit.
1247 3432 1378 3496 Soli
1440 3433 1944 3498 Pseudo-Victor
1990 3437 2053 3496 et
2106 3434 2265 3497 Plin.
2313 3434 2465 3499 Nat.
2509 3433 2677 3497 Hist.
2722 3432 2921 3510 XVI,

545 3539 670 3603 185
715 3539 1102 3602 rettulerunt
1139 3538 1438 3617 Curium,
1479 3541 1863 3604 interversae
1902 3540 2207 3624 pecuniae
2257 3543 2623 3603 accusatum
2648 3540 2924 3616 ,iurasse

537 3666 603 3708 se
651 3667 725 3708 ex
772 3648 1008 3729 praeda
1055 3645 1217 3709 nihil
1267 3646 1554 3730 attigisse
1595 3647 1717 3709 nisi
1760 3648 1983 3709 cadum
2010 3646 2295 3729 ligneum
2322 3694 2335 3723 ,
2361 3669 2487 3730 quo
2512 3646 2919 3711 sacrificaret.

539 3752 636 3815 De
691 3773 856 3834 aqua
893 3750 1141 3815 Aniene
1183 3756 1432 3835 praeter
1471 3751 2075 3815 Pseudo-Victorem
2114 3773 2279 3814 unus
2311 3750 2534 3815 Front.
2571 3752 2648 3815 de
2684 3772 2921 3833 aquae-

540 3859 711 3923 duct.
764 3857 829 3933 I,
881 3859 919 3921 6
970 3858 1133 3940 egit:
1190 3857 1537 3920 »AnieniS.
1573 3907 1586 3921 .
1620 3905 1633 3919 .
1686 3879 1915 3940 aquam
1961 3858 2424 3940 perducendam
2464 3857 2534 3919 in
2575 3856 2796 3919 urbem
2838 3876 2922 3919 ex

540 3963 858 4027 manubiis
908 3964 984 4025 de
1029 3961 1273 4045 Pyrrho
1323 3962 1525 4045 captis
1570 3962 1804 4026 locavit
1849 3962 2197 4047 (Curius)'’.

629 4068 757 4133 Ubi
805 4069 1312 4133 Pseudo-Victor
1358 4092 1430 4132 ea
1477 4069 1709 4146 tradit,
1758 4091 1919 4153 quae
1946 4068 2172 4134 Curius
2199 4070 2494 4133 tribunus
2519 4069 2722 4153 plebis
2749 4070 2918 4153 egit,

539 4179 674 4238 arte
723 4178 1018 4241 cohaeret
1063 4198 1205 4239 cum
1257 4173 1384 4240 Cic.
1434 4174 1619 4241 Brut.
1673 4178 1790 4253 14,
1844 4175 1965 4239 55:
1995 4223 2008 4239 .
2042 4224 2055 4238 .
2087 4225 2101 4239 .
2152 4176 2285 4241 »Μ’
2336 4176 2629 4253 Curium,
2670 4176 2843 4259 quod
2866 4176 2919 4238 is

615 4422 670 4489 1)
707 4419 788 4473 Cf.
835 4418 1022 4491 Pauly.
1061 4417 1310 4473 Realenc.
1347 4416 1424 4472 ΙΙ.
1459 4437 1510 4489 p.
1549 4418 1670 4471 784.

617 4506 670 4573 2)
707 4504 864 4559 Nieb.
902 4504 1042 4559 Hist.
1079 4505 1232 4560 Rom.
1270 4503 1378 4557 ΙΠ.
1417 4522 1467 4574 p.
1509 4505 1627 4558 510.
