3184 5342
1716 432 1800 496 78

535 619 614 686 ὥς
661 616 773 693 μὲν
827 619 860 692 ἧ
916 622 1032 680 τῶν
1081 620 1323 681 πολλῶν
1372 615 1678 695 ὑπολήψις
1729 610 1795 687 ἦν
1842 612 1910 691 ἕξ
1949 620 2258 693 ἐπιταγῆς
2301 620 2417 679 τῶν
2456 614 2812 694 δημάρχων,
2851 618 2934 687 ὡς

539 722 647 787 δὀἱ
712 725 820 797 τὴν
891 723 1102 787 αἰτίαν
1147 722 1584 786 ἀπολύσασθαι
1632 719 1991 797 βουλόμενοι
2041 718 2431 802 διεφήμιζον,
2480 722 2665 792 αὐτὸς
2712 722 2937 786 ἑαυτὸν

543 828 1048 906 ἁναρτησαὶμενος
1101 828 1332 909 βρόχῳ.
1382 826 1575 911 Apud
1623 826 1761 891 Liv.
1808 826 1941 903 III,
1994 826 2118 905 58,
2166 829 2206 891 6
2254 826 2504 913 Appius
2542 829 2677 913 ipse
2699 849 2936 892 manus

537 934 659 999 sibi
703 935 964 1011 intulit3
1013 937 1183 1018 apud
1234 931 1849 999 Pseudo-Victorem
1894 932 1965 996 in
2010 953 2257 997 carcere
2304 937 2566 999 necatus
2613 937 2727 1001 est.

631 1146 841 1233 Caput
886 1147 1103 1213 XXII.
1155 1146 1251 1211 De
1295 1145 1678 1230 Aesculapio
1725 1145 1997 1210 Romam
2045 1147 2309 1211 advecto
2358 1150 2609 1232 praeter
2647 1147 2939 1213 Pseudo-

532 1254 857 1320 Victorem
916 1252 1099 1320 Ovid.
1151 1252 1586 1336 Metamorph.
1636 1251 1787 1328 XV,
1839 1252 2195 1318 626-745
2243 1256 2309 1317 et
2353 1253 2487 1318 Val.
2538 1252 2710 1318 Max.
2758 1253 2813 1333 I,
2866 1256 2937 1334 8,

537 1358 576 1423 2
626 1359 940 1445 copiosius
1000 1362 1294 1443 egerunt.
1349 1357 1687 1422 Artissime
1733 1356 2242 1422 Pseudo-Victor
2290 1381 2431 1423 cum
2481 1358 2737 1424 Valerio
2786 1360 2938 1424 Ma-

538 1465 713 1529 ximo
775 1464 1102 1548 cohaeret3
1170 1468 1436 1548 uterque
1473 1464 1643 1527 enim
1693 1485 1769 1527 ex
1816 1465 2036 1527 eodem
2076 1468 2331 1528 auctore
2354 1467 2631 1548 pendere
2654 1464 2937 1531 videtur.

536 1570 1048 1636 Pseudo-Victor
1096 1570 1414 1634 Valerium
1467 1569 1677 1654 ipsum
1730 1591 1863 1633 non
1909 1574 2160 1634 secutus
2207 1574 2340 1647 est;
2378 1593 2526 1634 nam
2552 1571 2721 1655 apud
2744 1572 2939 1635 illum

533 1680 844 1761 quaedam
915 1678 1244 1761 leguntur,
1314 1697 1476 1759 quae
1541 1677 1713 1759 apud
1783 1674 1953 1740 hunc
2025 1677 2483 1741 desiderantur.
2549 1677 2685 1740 Val.
2752 1675 2933 1741 Max.

532 1781 891 1866 legatorum
939 1803 1273 1846 numerum
1325 1802 1459 1844 non
1500 1782 1703 1844 tradit
1741 1802 1948 1864 neque
1989 1781 2066 1855 Q.
2109 1781 2459 1866 Ogulnium
2481 1782 2559 1847 iis
2580 1782 2937 1866 praefuisse

536 1891 864 1953 memorat.
930 1886 1103 1962 Quae
1165 1885 1428 1950 Ovidius
1494 1886 1783 1969 scripsit,
1838 1909 1915 1951 ex
1961 1885 2087 1951 alio
2136 1887 2317 1953 fonte
2365 1910 2655 1953 manasse
2701 1889 2933 1953 viden-

534 1996 661 2060 tur.
706 1996 893 2077 Apud
941 1991 1087 2056 Val.
1136 1991 1305 2057 Max.
1357 1990 1504 2055 libri
1551 1990 1851 2075 Sibyllini
1896 1995 2213 2057 adeuntur
2235 1994 2362 2079 (Cf.
2405 1994 2543 2058 Liv.
2585 1995 2671 2072 X,
2698 1996 2807 2077 47,
2837 1997 2928 2079 6),

534 2101 705 2185 apud
755 2100 938 2164 Ovid.
987 2098 1365 2182 Delphicum
1408 2098 1737 2162 oraculum
1764 2099 2136 2163 consulitur.
2162 2099 2681 2165 Pseudo-Victor
2706 2104 2925 2165 narrat

533 2206 780 2291 legatos
833 2205 1228 2289 Epidaurum
1281 2224 1581 2290 respon
1604 2225 1685 2268 so
1748 2208 2052 2269 monente
2106 2204 2329 2269 missos
2384 2227 2539 2271 esse.
2588 2205 2763 2283 Quae
2798 2227 2918 2270 vox

533 2313 728 2377 etiam
799 2313 909 2395 46,
985 2312 1018 2375 1
1088 2313 1166 2375 de
1229 2310 1410 2375 libris
1470 2308 1803 2394 Sibyllinis
1869 2314 2231 2394 usurpatur.
2297 2310 2493 2397 Apud
2559 2313 2696 2378 Val.
2743 2312 2910 2377 Max.

536 2418 772 2503 »legati
839 2438 1207 2501 prosperam
1275 2416 1514 2480 emensi
1582 2415 2060 2499 navigationem
2126 2416 2402 2481 Antium
2466 2416 2915 2503 appulerunt,”

532 2525 703 2608 apud
750 2522 1048 2588 Ovidium
1090 2543 1317 2605 »asper
1349 2570 1360 2583 .
1387 2570 1402 2585 .
1431 2570 1447 2585 .
1498 2524 1736 2605 pontus
1786 2521 1988 2599 erat”,
2038 2543 2183 2587 cum
2229 2523 2503 2588 Antium
2549 2524 2922 2589 »veliferam

531 2633 766 2694 nautae
827 2631 1155 2695 advertere
1217 2627 1564 2692 carinam.”
1613 2626 1821 2692 Foede
1868 2633 2201 2713 corruptus
2244 2631 2340 2693 est
2386 2628 2915 2703 Pseudo-Victor,

532 2735 645 2799 ubi
705 2736 784 2799 de
841 2734 1181 2799 Antiatino
1243 2755 1394 2798 casu
1441 2733 1600 2816 agit.
1670 2733 1973 2818 Legimus
2021 2734 2213 2801 haec:
2264 2732 2525 2818 »Legati
2569 2732 2757 2796 deum
2805 2754 2920 2797 ve-

534 2839 758 2904 hentes
819 2838 1092 2903 Antium
1157 2839 1271 2902 ubi
1328 2860 1442 2923 per
1503 2839 1840 2903 mollitiam
1909 2839 2259 2925 (Exhibeat
2303 2842 2629 2923 praeterea
2672 2838 2926 2903 codices

531 2946 850 3010 moliciam
871 2993 886 3024 ,
956 2945 1294 3011 molliciem
1312 2992 1329 3023 ,
1399 2944 1760 3010 molestiam
1824 2950 1888 3011 et
1926 2947 1998 3010 in
2039 2945 2329 3030 margine
2368 2944 2742 3009 ›malatiam
2790 2946 2927 3009 sive

533 3051 939 3136 molliciem.'’
988 3051 1174 3117 Unus
1219 3054 1417 3117 codex
1446 3051 1873 3116 »sevicinam”
1898 3053 2209 3137 praebet.)
2234 3051 2426 3115 maris
2450 3050 2681 3135 anguis
2703 3050 2926 3136 proxi-

529 3181 706 3222 mum
781 3157 1151 3243 Aesculapii
1213 3157 1437 3223 fanum
1499 3157 1787 3255 petiit’ss‘
1816 3158 1900 3225 A.
1967 3157 2271 3226 Schottus
2337 3157 2611 3223 coniecit
2672 3180 2737 3220 m
2756 3156 2925 3221 ala-

529 3264 736 3328 ciam
757 3314 776 3349 ‚
839 3287 1002 3349 quae
1064 3268 1282 3329 tamen
1344 3263 1532 3328 lectio
1587 3263 1908 3328 reicienda
1954 3264 2115 3328 mihi
2162 3264 2429 3329 videtur.
2493 3262 2686 3348 Apud
2731 3261 2922 3327 ovid.

533 3393 849 3456 »asper—
875 3410 957 3419 —
977 3380 1211 3455 pontus
1237 3369 1440 3445 erat'’;
1465 3372 1639 3453 apud
1665 3369 1807 3435 Val.
1838 3370 2012 3435 Max.
2044 3392 2452 3455 »prosperam
2474 3369 2713 3434 emensi
2735 3369 2924 3433 navi-

526 3478 853 3562 gationem
893 3477 1165 3543 Antium
1211 3475 1630 3560 appellunt”;
1681 3479 1903 3553 restat,
1955 3479 2030 3539 ut
2074 3477 2218 3560 quis
2266 3478 2344 3541 de
2388 3476 2656 3540 malacia
2693 3474 2918 3559 egerit.

527 3582 650 3648 Sed
696 3585 804 3648 vix
849 3584 947 3648 es‘t
991 3582 1290 3648 credibile
1337 3582 1530 3645 talem
1577 3581 2071 3666 discrepantiam
2115 3582 2290 3645 inter
2338 3582 2677 3666 scriptores
2723 3582 2921 3647 exsti-

527 3690 698 3754 tisse.
771 3690 1066 3756 Fortasse
1111 3689 1237 3754 alio
1283 3691 1472 3753 modo
1523 3688 1755 3753 vulnus
1802 3689 2014 3753 sanari
2060 3690 2292 3773 potest.
2340 3687 2587 3753 Notum
2634 3692 2731 3753 est
2773 3688 2919 3753 An-

526 3796 708 3873 tium,
757 3797 826 3861 in
874 3818 1032 3882 rupe
1082 3795 1436 3873 conditum,
1483 3794 1857 3859 inclaruisse
1905 3794 2202 3879 operibus
2240 3794 2308 3857 in
2349 3815 2523 3859 mare
2563 3794 2918 3859 exstructis.

525 3902 694 3967 Puto
762 3902 1140 3987 legendum:
1218 3902 1369 3967 »ubi
1414 3923 1527 3986 per
1573 3902 1823 3965 moles
1870 3901 2065 3965 maris
2111 3900 2383 3985 anguis”
2432 3904 2549 3964 cet.
2625 3901 2917 3966 Valerius

525 4009 845 4074 Maximus
907 4012 973 4073 et
1034 4006 1540 4074 Pseudo-Victor
1609 4027 1886 4092 anguem
1944 4006 2133 4072 Antii
2191 4007 2261 4070 in
2322 4006 2707 4072 vestibulum
2746 4006 2919 4071 aedis

525 4114 1028 4199 Aesculapii
1072 4115 1442 4199 prolapsum
1490 4134 1624 4178 esse
1664 4112 2279 4192 referunt,0vidius
2302 4110 2919 4196 eumApollinis

526 4221 833 4305 templum
883 4220 1098 4285 iniisse
1147 4220 1365 4283 tradit.

612 4326 847 4393 Utrum
891 4328 1110 4394 Livius
1145 4325 1196 4413 1)
1221 4349 1305 4390 an
1338 4330 1559 4391 auctor
1584 4326 1718 4391 eius
1742 4349 1781 4389 a
1806 4325 2064 4391 Valerio
2089 4326 2373 4393 Maximo
2398 4329 2463 4390 et
2484 4325 2919 4391 Pseudo-Vic-

602 4566 648 4633 ι)
688 4564 766 4621 ef.
805 4562 1008 4635 Haupt.
1043 4564 1116 4621 1.1.
1154 4584 1205 4636 p.
1244 4565 1329 4620 12.
1367 4563 1616 4621 Hildesh.
1647 4562 1723 4619 1.1.
1763 4583 1813 4635 p.
1860 4566 1947 4621 22.
1986 4564 2216 4620 Roeonh.
2255 4563 2329 4620 1.1.
2358 4583 2410 4636 p.
2449 4564 2533 4618 39.
