3184 5342
1030 1156 1499 1242 oAPUT
1566 1148 1812 1265 ,VIIss

319 1551 509 1612 Anno
580 1546 751 1610 1883
813 1543 1302 1609 Alexander
1362 1545 1846 1610 Enmannus
1905 1545 1975 1608 in
2020 1544 2360 1630 Philologo
2413 1546 2608 1612 1883.

229 1650 452 1736 Suppl.
502 1649 621 1715 IV.
664 1649 788 1720 vol.
838 1650 899 1716 4.
943 1672 1006 1734 p.
1052 1651 1204 1728 460,
1247 1673 1375 1735 seq.
1419 1653 1496 1716 de
1541 1652 1743 1728 libro,
1791 1651 1903 1735 qui
1940 1651 2312 1715 inscribitur
2335 1653 2415 1714 de
2437 1650 2611 1716 Viris

226 1757 583 1824 illustribus
604 1805 621 1837 ,
688 1758 839 1842 egit.
902 1757 1177 1822 Reiectis
1238 1757 1506 1842 Hauptii
1552 1762 1618 1822 et
1664 1756 2154 1822 Hildesheimeri
2200 1757 2534 1821 sententiis
2560 1755 2613 1842 1)

230 1887 361 1930 non
412 1868 681 1930 conatus
730 1867 827 1928 est
873 1863 1193 1947 inquirere
1238 1864 1307 1928 in
1357 1864 1565 1929 fontes
1614 1863 1950 1947 primarios
1995 1863 2185 1927 huius
2229 1863 2377 1928 libri
2424 1866 2533 1928 sed
2581 1885 2614 1928 e

228 1973 509 2049 ratione,
557 1993 683 2055 qua
727 1991 827 2034 res
873 1973 1237 2048 narrantur,
1287 1971 1598 2054 quaedam
1643 1969 1940 2054 colligere
1987 1969 2233 2033 studuit
2277 1971 2354 2033 de
2400 1969 2612 2043 modu,

231 2100 360 2162 quo
423 2075 935 2142 Pseudo-Victor
980 2076 1214 2140 librum
1263 2076 1741 2160 conscripserit,
1787 2078 1853 2140 et
1898 2076 1976 2140 de
2020 2075 2296 2139 fontium
2347 2097 2578 2160 genere
2597 2124 2612 2155 ‚

237 2205 398 2266 quos
465 2182 1075 2248 Pseudo-Victorem
1146 2186 1432 2247 secutum
1504 2205 1637 2247 esse
1699 2183 1832 2246 veri
1877 2182 2078 2247 simile
2126 2182 2229 2245 sit.
2280 2182 2472 2249 Cuius
2517 2183 2616 2248 in-

238 2289 597 2374 quisitionis
642 2289 800 2352 haec
846 2309 1092 2352 summa
1138 2292 1252 2352 est.
1300 2288 1587 2353 Primum
1636 2288 1809 2352 hunc
1856 2287 2142 2351 libellum
2189 2287 2446 2352 maioris
2468 2289 2618 2353 libri

240 2377 563 2478 epitomen
622 2416 754 2460 esse
814 2394 1085 2458 coniecit
1141 2416 1343 2478 neque
1390 2416 1536 2459 cum
1584 2393 1951 2469 Woelfflino
2001 2398 2067 2457 et
2112 2391 2618 2459 Hildesheimero'

239 2499 600 2566 faciendum
649 2521 780 2564 esse
822 2503 1044 2584 putat,
1095 2499 1207 2583 qui
1253 2499 1868 2564 Pseudo-Victorem
1914 2522 1988 2565 ea
2007 2547 2023 2576 ,
2073 2521 2234 2583 quae
2277 2500 2348 2563 in
2382 2503 2617 2566 maiore

233 2605 401 2668 libro
445 2604 733 2688 legisset,
780 2609 1154 2672 retractasse
1201 2606 1642 2670 iudicaverint.
1693 2607 1816 2672 His
1856 2608 2162 2691 quattuor
2198 2606 2615 2690 argumentis,

232 2731 394 2792 quae
439 2731 515 2774 ex
561 2712 854 2774 oratione
878 2757 893 2788 ,
942 2733 1068 2794 qua
1116 2712 1631 2778 Pseudo-Victor
1678 2735 1828 2778 usus
1869 2715 1968 2777 est
2015 2715 2081 2777 et
2124 2734 2160 2777 e
2180 2712 2431 2777 ratione
2453 2759 2468 2790 ,
2493 2735 2620 2797 qua

232 2835 333 2878 res
376 2817 817 2881 memorabiles
863 2817 1149 2883 narravit
1166 2865 1182 2894 ,
1232 2818 1614 2904 desumpsit,
1666 2820 2053 2884 sententiam
2100 2820 2372 2904 probare
2411 2823 2477 2885 et
2511 2821 2618 2884 fir-

232 2944 409 2987 mare
453 2926 723 2988 conatus
763 2926 877 2990 est.
970 2939 977 2946 ·
1965 2917 1974 2926 ’

323 3027 518 3094 Hunc
563 3029 850 3094 libellum
897 3031 1219 3114 epitomen
1267 3052 1400 3096 esse
1448 3031 1601 3094 inde
1646 3031 1864 3116 colligi
1916 3033 2164 3116 potest:

324 3134 379 3198 I.
421 3133 603 3210 Quod
649 3135 935 3220 singulae
957 3159 1057 3201 res
1080 3157 1212 3200 non
1236 3137 1359 3200 nisi
1382 3136 1660 3201 breviter
1683 3141 2029 3202 narrentur
2054 3139 2315 3222 totaque
2339 3137 2623 3202 Pseudo-

235 3240 521 3306 Victoris
558 3240 763 3304 oratio
803 3263 882 3306 ex
907 3243 1253 3326 copiosiore
1277 3245 1608 3316 contracta
1631 3264 1765 3307 esse
1786 3243 2096 3308 videatur.
2137 3241 2322 3318 Quod
2346 3247 2423 3308 ut
2442 3244 2623 3309 lucu-

235 3347 472 3412 lentius
496 3351 851 3432 appareret,
870 3348 1035 3414 hanc
1053 3349 1265 3414 Sullae
1289 3349 1459 3414 vitae
1484 3356 1559 3427 (c.
1590 3349 1702 3435 75)
1726 3352 1974 3433 partem
2001 3349 2353 3434 exscripsit:
2385 3351 2623 3416 »Prae-

232 3455 338 3517 tor
376 3453 545 3517 inter
583 3452 748 3517 cives
771 3454 871 3519 ius
894 3455 1076 3519 dixit.
1125 3455 1391 3520 Praetor
1414 3453 1703 3520 Ciliciam
1725 3456 2120 3540 provinciam
2146 3456 2393 3521 habuit.
2436 3456 2618 3521 Bello

232 3559 450 3624 sociali
512 3557 831 3624 Samnitas
885 3561 1322 3646 Hirpinosque
1370 3563 1711 3646 superavit.
1773 3563 1875 3627 Ne
1921 3566 2336 3627 monumenta
2380 3561 2620 3627 Bocchi

231 3664 609 3729 tollerentur
676 3666 879 3731 Mario
939 3669 1196 3732 restitit.
1271 3667 1511 3733 Consul
1557 3667 1780 3732 Asiam
1830 3669 2127 3750 sortitus,
2178 3668 2619 3733 Mithridatem

233 3773 401 3854 apud
470 3769 943 3838 Orchomenum
1011 3778 1076 3839 et
1146 3773 1580 3840 Chaeroneam
1652 3774 1892 3857 proelio
1963 3774 2146 3838 fudit.
2233 3773 2620 3839 Archelaum

232 3879 623 3963 praefectum
672 3879 810 3944 eius
855 3881 1127 3946 Athenis
1173 3881 1329 3945 vicit
1348 3928 1364 3958 ,
1409 3883 1667 3965 portum
1715 3880 2008 3945 Piraeum
2047 3881 2286 3966 recepit
2299 3928 2316 3959 ,
2359 3880 2621 3946 Maedos

233 3987 299 4049 et
352 3981 688 4050 Dardanos
750 3985 822 4049 in
880 3986 1111 4051 itinere
1164 3987 1507 4071 superavit.
1570 3985 1724 4051 Mox
1769 4008 1915 4051 cum
1962 3987 2294 4072 rogatione
2339 3985 2621 4072 Sulpicia

228 4090 564 4174 imperium
628 4092 761 4157 eius
826 4093 1281 4158 transferretur
1342 4096 1424 4158 ad
1488 4093 1766 4158 Marium
1785 4141 1801 4171 ,
1865 4094 1936 4157 in
2001 4093 2253 4157 ltaliam
2301 4113 2622 4177 regressus

229 4197 545 4280 corruptis
632 4198 1137 4264 adversariorum
1201 4199 1580 4264 exercitibus
1642 4197 1999 4264 Carbonem
2068 4198 2258 4263 Italia
2337 4197 2615 4282 expulit,

225 4303 504 4368 Marium
566 4305 737 4388 apud
800 4303 1233 4389 Sacriportum
1253 4353 1268 4384 ‚
1336 4305 1698 4370 Telesinum
1763 4307 1934 4390 apud
1996 4307 2249 4388 portam
2297 4303 2618 4368 Collinam

295 4573 353 4643 1.)
384 4571 695 4628 Enmannus
734 4569 1101 4626 Rosenhaueri
1137 4569 1550 4626 dissertationem
1592 4585 1850 4642 cognosse
1884 4586 1994 4624 non
2031 4565 2259 4622 videtur.
