3184 5342
1701 399 1742 462 8
1781 457 1788 462 .

531 593 882 656 cognomen
922 577 1091 660 patri
1126 576 1213 640 M.
1263 576 1461 642 Fabio
1510 576 1826 643 Ambusto
1877 579 2032 664 (cos.
2075 581 2225 658 394,
2279 581 2439 666 398)
2480 527 2555 645 *et
2599 581 2912 648 fratribus

530 681 619 746 M.
686 681 885 754 Fabio
955 684 1267 748 Ambusto
1341 685 1537 769 (mag.
1613 706 1708 770 eq.
1777 708 1834 752 a.
1899 687 2058 771 432)
2113 690 2176 751 et
2221 685 2296 753 C.
2344 686 2545 752 Fabio
2596 689 2912 754 Ambusto

530 788 727 871 (mag.
778 810 875 873 eq.
927 811 983 853 a.
1031 789 1193 871 439)
1243 790 1522 855 inditum
1571 793 1728 856 erat.
1779 790 1966 857 »Nisi
2011 791 2178 856 forte
2226 793 2504 858 dictator
2547 816 2603 860 a.
2655 795 2789 859 433
2837 793 2913 870 Q.

531 892 766 957 Fabius
812 893 1166 960 Ambustus
1216 896 1385 980 (Liv.
1434 896 1527 961 IX
1550 945 1565 974 ‚
1620 897 1656 960 7
1676 945 1691 975 ‚
1747 899 1900 983 13.)‚
1949 901 2275 983 praeterea
2312 899 2576 983 ignotus
2595 947 2611 979 ‚
2635 900 2761 964 fuit
2784 901 2918 985 ipse
3035 889 3040 893 ’

530 997 606 1074 Q.
654 999 975 1065 Maximus
1020 1000 1357 1067 Rullianus
1404 1005 1469 1067 et
1514 1024 1874 1088 cognomen
1893 1054 1910 1088 ,
1959 1027 2036 1069 ex
2080 1005 2534 1070 vetustioribus
2572 1006 2914 1072 annalibus

530 1103 653 1169 hoc
721 1127 851 1170 uno
922 1106 1062 1171 loco
1125 1107 1415 1172 relictum
1438 1156 1454 1186 ‚
1516 1109 1724 1174 eflecit
1744 1157 1759 1188 ,
1807 1112 1883 1174 ut
1929 1111 2212 1175 diversus
2260 1111 2341 1176 ab
2387 1132 2460 1176 eo
2507 1111 2914 1177 haberetur’'.

532 1210 851 1288 (Momms.
902 1213 975 1281 C.
1022 1213 1077 1278 Ι.
1128 1213 1198 1280 L.
1248 1214 1295 1278 1.
1342 1215 1410 1294 1.)

572 1317 876 1402 Elogium
924 1317 1121 1404 Appii
1166 1319 1417 1385 Claudii
1455 1319 1663 1388 Caeci.
1963 1323 2042 1387 de
2085 1323 2202 1388 vir.
2251 1323 2346 1387 ill.
2401 1323 2506 1400 34,
2557 1324 2618 1390 6.
2672 1324 2731 1390 7.

675 1510 679 1514 ¹
758 1423 831 1490 C.
880 1424 931 1490 Ι.
984 1424 1055 1490 L.
1102 1425 1158 1491 I.
1205 1448 1269 1510 p.
1313 1427 1464 1493 287.

621 1529 970 1615 Complura
1016 1532 1251 1616 oppida
1290 1534 1369 1596 de
1407 1531 1661 1597 Samni·
1775 1532 2174 1616 SabinOS,
2225 1533 2577 1616 SamnitaS,
2611 1523 2915 1599 Etruscos

527 1636 699 1702 tibus
760 1627 962 1720 cepit,
1029 1637 1532 1703 Sabinorum
1603 1642 1666 1702 et
1780 1639 1946 1704 bello
2038 1640 2304 1705 domuit.
2397 1639 2631 1705 Viam
2711 1660 2913 1723 usque

526 1744 877 1808 Tuscorum
927 1731 1272 1809 exercitum
1312 1745 1483 1809 fudit
1506 1792 1520 1808 .
1552 1794 1567 1809 .
1598 1793 1613 1809 .
1643 1797 1657 1812 .
1775 1744 2206 1810 Brundusium
2223 1746 2540 1831 lapidibus
2579 1768 2608 1810 s
2626 1745 2907 1814 travit.

526 1850 605 1930 In
632 1871 896 1915 censura
919 1851 997 1914 vi
1018 1871 1132 1913 am
1160 1851 1435 1935 Appiam
1460 1854 1655 1917 stra·
1771 1853 1887 1936 Aq
1908 1875 1949 1916 u
1969 1875 2086 1916 am
2135 1853 2443 1917 Anienem
2491 1851 2576 1915 in
2623 1851 2824 1916 urbe
2843 1864 2908 1914 m

524 1957 651 2020 vit
735 1959 802 2020 et
870 1978 1159 2041 aquam
1225 1957 1309 2020 in
1380 1957 1664 2022 urbem
1776 1958 2142 2023 induxit.

525 2061 895 2128 adduxit.

614 2167 887 2234 Sabinos
950 2169 1030 2234 ab
1092 2166 1305 2254 Appio
1370 2168 1636 2235 Claudio
1682 2170 1848 2235 bello
1897 2171 2170 2260 domitos
2217 2192 2348 2235 esse
2397 2170 2766 2256 elogium
2828 2173 2910 2235 et

525 2274 1180 2340 Pseudo-Victor
1242 2276 1409 2341 soli
1470 2277 1846 2341 tradunt.
1917 2277 2015 2341 De
2075 2276 2213 2340 via
2257 2275 2469 2362 Appia
2515 2280 2796 2342 strata
2842 2278 2908 2340 et

526 2383 603 2443 de
645 2402 853 2464 aqua
890 2381 974 2444 in
1017 2381 1166 2445 urb
1185 2403 1296 2445 em
1339 2382 1667 2447 inducta
1702 2382 1924 2446 iisdem
1949 2382 2205 2465 quidem
2229 2383 2438 2448 verbis
2461 2384 2602 2466 agit
2622 2383 2906 2448 Pseudo-

524 2486 750 2551 Victor
780 2491 969 2570 atque
1000 2486 1279 2576 elogium
1318 2491 1427 2552 sed
1466 2489 1672 2552 utitur
1709 2487 1892 2552 solito
1931 2487 2234 2572 loquendi
2275 2507 2540 2571 genere,
2570 2487 2681 2552 ubi
2707 2487 2806 2552 his
2830 2491 2905 2552 de

522 2595 709 2658 rebus
744 2594 983 2658 mentio
1023 2594 1101 2656 fit
1126 2591 1199 2680 1).
1250 2593 1426 2668 Quae
1465 2593 1783 2659 Beckerus
1818 2592 1930 2657 1.1.
1975 2593 2158 2658 affert
2198 2597 2272 2657 ut
2306 2593 2604 2659 ostendat
2625 2593 2900 2658 Pseudo-

523 2699 851 2765 Victorem
889 2699 1096 2782 elogia
1136 2720 1267 2762 non
1308 2702 1594 2764 secutum
1634 2721 1799 2776 esse,
1842 2701 2012 2783 quod
2051 2699 2220 2763 viam
2262 2699 2342 2762 ab
2383 2697 2598 2783 Appio
2644 2717 2903 2780 usque

524 2808 623 2869 ad
667 2804 1239 2869 Brundusium
1288 2808 1552 2869 stratam
1602 2827 1734 2870 esse
1777 2807 1994 2869 tradat
2036 2807 2102 2869 et
2146 2825 2412 2889 aquam,
2453 2805 2534 2868 ab
2573 2825 2647 2866 eo
2686 2803 2756 2866 in
2797 2822 2904 2864 ur·
2964 2889 2975 2896 ·

523 2912 667 2976 bem
716 2911 1045 2975 inductam
1067 2959 1083 2988 ‚
1133 2908 1536 2975 Anienem
1585 2914 1800 2988 vocet,
1851 2933 1984 2975 non
2024 2911 2242 2996 magni
2279 2910 2588 2975 momenti
2612 2908 2907 2973 habenda

525 3020 711 3095 sunt,
750 3017 806 3081 si
843 3039 986 3081 cum
1026 3016 1370 3081 Enmanno
1408 3019 1658 3101 praeter
1695 3016 1905 3102 elogia
1944 3009 2100 3082 alios
2139 3017 2350 3082 fontes
2389 3039 2427 3080 a
2465 3012 2906 3080 Pseudoss-Vic-

526 3128 662 3188 tore
718 3125 1053 3207 usurpatos
1116 3144 1247 3187 esse
1310 3126 1515 3207 putes.
1563 3121 1734 3188 Nam
1781 3143 2017 3188 nomen
2062 3123 2422 3188 Anienis
2468 3133 2582 3186 aut
2626 3119 2906 3185 Pseudo-

526 3228 805 3292 Victoris
848 3232 960 3293 aut
996 3229 1267 3293 librarii
1279 3229 1475 3293 errori
1521 3229 1929 3294 tribuendum
1977 3233 2089 3295 est.
2139 3223 2420 3292 Pseudo·
2423 3227 2649 3309 Victor
2694 3227 2907 3289 autem

524 3337 783 3399 tradens
846 3335 1015 3398 viam
1076 3356 1275 3418 usque
1336 3338 1415 3398 ad
1476 3333 1910 3399 Brundusium
1968 3335 2049 3398 ab
2100 3333 2312 3417 Appio
2357 3330 2622 3397 Claudio
2667 3329 2908 3394 factam

524 3463 689 3517 esse,
735 3478 816 3489 —
864 3461 991 3525 quo
1038 3441 1171 3504 eius
1217 3444 1424 3505 aetate
1462 3444 1832 3526 perductam
1871 3441 2066 3506 fuisse
2105 3417 2430 3505 constat
2385 3475 2468 3486 -
2497 3458 2670 3502 more
2711 3459 2824 3503 suo
2855 3437 2906 3523 ²)

521 3569 621 3611 res
668 3547 998 3631 antiquas,
1046 3548 1363 3630 quomodo
1403 3569 1475 3628 eo
1523 3548 1669 3613 vivo
1715 3569 1848 3612 sese
1893 3547 2250 3628 habebant,
2300 3544 2618 3611 describit.

520 3749 756 3805 Victoris
802 3749 1009 3805 codices
1057 3749 1311 3806 exhibent
1346 3750 1567 3805 Rullum
1582 3793 1599 3816 ,
1635 3749 1726 3805 alii
1761 3749 2028 3805 Rutilium
2063 3753 2159 3804 aut
2200 3747 2534 3803 Rutilianum
2571 3750 2667 3801 aut
2703 3744 2911 3800 Rutila-

518 3854 665 3890 num.
723 3835 882 3906 Apud
930 3835 1057 3890 alios
1103 3854 1312 3907 quoque
1358 3837 1636 3908 scriptores
1671 3834 1871 3891 librarii
1899 3834 2090 3910 ‘codem
2126 3834 2281 3888 modo
2316 3834 2371 3888 in
2407 3831 2556 3888 Fabii
2596 3831 2906 3904 cognomine

521 3921 799 3977 scribendo
852 3925 1162 3978 erraverunt
1190 3923 1351 3988 (Liv.
1390 3923 1557 3988 VIII,
1595 3923 1692 3987 29,
1731 3923 1819 3977 10.
1863 3919 1984 3976 Val.
2022 3921 2165 3975 Max,
2204 3921 2291 3993 II,
2333 3921 2397 3984 7,
2439 3921 2488 3972 8.
2525 3919 2708 3972 Front.
2748 3917 2912 3972 Strat.

594 4097 650 4165 1)
690 4095 969 4151 Cf.Eut1-.
1017 4096 1105 4160 II,
1154 4095 1204 4150 9.
1260 4092 1464 4165 Appius
1515 4093 1766 4148 Claudius
1801 4111 1986 4149 censor
2020 4111 2150 4164 aqu
2171 4111 2202 4146 a
2219 4111 2271 4146 m
2318 4091 2594 4147 Claudiam
2634 4089 2915 4146 induxit

522 4184 576 4235 et
614 4178 786 4236 viam
824 4181 1053 4251 Appiam
1090 4178 1368 4235 stravit.
1405 4178 1518 4234 Liv.
1555 4179 1669 4244 IX,
1707 4180 1806 4244 29,
1845 4181 1894 4233 6.
1938 4180 2195 4250 Aquam
2235 4178 2292 4233 in
2330 4177 2513 4234 urbem
2551 4177 2768 4232 duxit.
2803 4175 2912 4232 Cic.

520 4285 616 4338 pro
652 4266 835 4322 Coelio
872 4269 969 4332 14,
1008 4267 1093 4320 34.
1150 4265 1283 4320 Ideo
1320 4281 1563 4335 aquam
1606 4264 1890 4321 adduxi.
2996 4278 2999 4280 ·

594 4353 652 4421 2)
691 4352 771 4407 Cf.
821 4371 863 4408 c.
907 4353 1001 4416 11,
1041 4352 1110 4418 2.
1160 4349 1249 4406 ubi
1297 4354 1477 4406 narrat
1524 4354 1754 4406 statuam
1789 4351 2016 4407 Horatio
2063 4351 2249 4408 Cocliti
2287 4351 2346 4406 in
2377 4349 2658 4405 Vulcanali
2695 4347 2916 4403 colloca-

522 4443 637 4494 tum
686 4456 827 4504 esse,
876 4454 1055 4578 quz'dl
1056 4440 1336 4509 postquam
1383 4438 1449 4492 de
1496 4437 1641 4494 coelo
1686 4441 1831 4494 tacta
1875 4441 1983 4506 est,
2033 4458 2064 4494 e
2110 4438 2324 4494 comitio
2366 4436 2738 4509 transpositam
2792 4453 2908 4490 esse

522 4522 655 4578 Gell.
694 4523 804 4588 IV,
844 4527 873 4576 5
914 4526 966 4577 tr
1041 4521 1094 4577 t.
