3184 5342
1677 405 1763 468 42

619 586 962 652 Diversitas
1007 586 1286 651 fontium
1331 587 1430 651 his
1477 587 1632 651 locis
1681 590 1964 671 apparet.

844 692 1036 777 Amp.
1098 694 1216 770 18,
1281 694 1341 759 6.
2073 696 2153 757 de
2202 692 2315 758 vir.
2364 690 2455 755 ill.
2512 693 2617 758 32.

617 800 800 866 Fabii
841 802 965 864 duo
985 848 1000 876 ,
1040 820 1311 884 quorum
1344 801 1506 865 alter
1531 823 1661 865 una
1864 799 2100 865 Fabius
2176 838 2256 848 —
2288 837 2370 845 —
2438 798 2520 862 ob
2608 797 2910 863 virtutem

527 928 748 993 pugna
793 906 1131 990 Etruscos,
1175 906 1367 972 Sam
1395 908 1663 990 nitas,
1784 908 2101 972 Maximus
2148 943 2227 954 —
2260 944 2341 955 —-
2392 905 2584 969 tertio
2633 905 2710 968 de
2758 902 2913 967 Gal-

528 1012 808 1078 Umbros
865 1012 1206 1097 Gallosque
1251 1013 1533 1097 subegit,
1584 1014 1665 1077 11-
1780 1014 1889 1098 lis,
1982 1012 2278 1090 Umbris,
2348 1010 2653 1075 Marsis
2724 1012 2916 1093 atque

527 1120 814 1184 bertinos
877 1142 911 1184 6
957 1119 1250 1183 tribubus
1296 1120 1670 1204 repurgavit
1781 1120 2003 1185 Tuscis
2040 1117 2463 1203 triumphavit
2494 1168 2507 1183 .
2530 1164 2545 1181 .
2583 1116 2916 1181 libertinos

526 1225 794 1309 ideoque
815 1225 1132 1290 Maximus
1157 1226 1666 1309 cognominatus.
1784 1227 2078 1291 tribubus
2129 1225 2390 1292 amovit.

620 1331 718 1396 De
775 1332 1028 1417 populis
1047 1381 1064 1415 ‚
1127 1331 1297 1396 bello
1345 1354 1383 1395 a
1429 1331 1628 1398 Fabio
1676 1334 1933 1398 domitis
1952 1381 1968 1411 ,
2017 1332 2349 1416 Ampelius
2400 1331 2724 1396 consentit
2770 1350 2912 1393 cum

530 1440 669 1506 Liv.
711 1437 808 1517 X,
851 1439 931 1501 21
956 1485 972 1517 ,
1016 1440 1134 1515 12,
1177 1438 1355 1506 Oros
1397 1439 1530 1518 ΙΠ,
1576 1442 1657 1504 21
1682 1488 1698 1519 ,
1738 1440 1959 1505 Front.
1996 1440 2189 1505 Strat.
2233 1438 2300 1517 I,
2328 1442 2400 1517 8,
2431 1441 2490 1503 3.
2517 1437 2608 1502 At
2630 1436 2914 1501 Pseudo-

531 1544 810 1610 Victoris
874 1567 1082 1611 errore
1131 1546 1373 1611 factum
1419 1568 1583 1629 esse,
1636 1550 1710 1612 ut
1761 1547 1866 1612 hic
1910 1547 1991 1611 ab
2040 1546 2329 1630 Ampelio
2377 1546 2720 1629 discrepet,
2764 1542 2916 1605 inde

533 1654 833 1735 apparet,
894 1655 1066 1735 quod
1130 1653 1249 1730 27,
1303 1655 1342 1717 3
1366 1700 1381 1730 ,
1429 1653 1539 1716 ubi
1595 1653 1672 1717 de
1719 1654 1938 1717 eodem
1985 1652 2152 1717 bello
2200 1652 2369 1736 agit,
2410 1652 2659 1716 eosdem
2713 1670 2913 1733 popu-

530 1757 626 1820 los
696 1778 856 1840 quos
926 1757 1256 1842 Ampelius
1319 1761 1667 1825 enumerat.
1732 1758 2063 1843 Ampelius
2126 1760 2295 1823 recte
2336 1756 2599 1821 tradidit
2646 1754 2918 1819 Fabium

532 1866 795 1947 propter
841 1886 949 1942 ea,
999 1886 1161 1948 quae
1199 1867 1423 1928 contr‘a
1459 1864 1795 1929 libertinos
1836 1866 2100 1949 egisset,
2140 1864 2488 1929 Maximum
2530 1861 2917 1947 appellatum

531 1990 664 2033 esse
729 1967 855 2055 (Of.
921 1968 1054 2033 Liv.
1119 1970 1245 2048 IX,
1311 1971 1434 2048 46,
1495 1970 1598 2034 15.
1670 1970 1815 2035 Val.
1890 1970 2059 2036 Max.
2131 1970 2232 2045 II,
2309 1972 2385 2046 2,
2459 1971 2550 2054 9),
2622 1972 2691 2032 at
2759 1987 2923 2050 quae

534 2074 1042 2139 Pseudo-Victor
1104 2075 1224 2139 hac
1287 2077 1363 2140 de
1412 2099 1482 2141 re
1529 2077 1850 2155 narravit,
1897 2079 2067 2161 apud
2115 2076 2365 2140 nullum
2410 2076 2606 2140 alium
2650 2073 2920 2157 scripto-

534 2202 667 2244 rem
714 2182 1152 2247 inveniuntur.

842 2287 1032 2372 Amp.
1087 2290 1204 2368 18,
1253 2290 1356 2354 14.
1880 2289 1885 2295 ’
2010 2292 2089 2352 (16
2135 2288 2251 2352 vir.
2294 2287 2385 2351 111.
2438 2288 2562 2366 63,
2616 2288 2675 2353 1.

629 2391 839 2458 Huius
886 2393 1156 2479 (Metelli
1200 2395 1553 2483 Numidici)
1592 2396 1671 2460 fi-
1876 2394 2171 2459 Metellus
2203 2394 2354 2459 Pius
2376 2443 2392 2474 ,
2432 2394 2583 2479 quia
2607 2397 2919 2477 patrem

537 2500 662 2564 lius
748 2499 898 2564 Pius
983 2501 1471 2585 cognominatus
1541 2506 1671 2579 est,
1786 2501 2169 2567 lacrimis
2200 2501 2698 2585 etprecibus
2730 2498 2935 2563 assi-.

540 2609 764 2689 quod
811 2609 1135 2689 patrem
1199 2606 1285 2670 in
1338 2607 1679 2672 exilium
1794 2608 1942 2672 due
1988 2605 2447 2671 revocavit.

539 2715 878 2776 secutus
932 2714 1047 2775 est.

631 2798 1141 2881 Pseudo-Victor
1199 2818 1498 2901 congruit
1539 2838 1685 2881 cum
1731 2818 1878 2885 Val.
1930 2819 2100 2884 Max.
2151 2819 2248 2896 V,
2298 2819 2376 2894 2,
2428 2818 2502 2893 7,
2553 2815 2722 2900 App.
2770 2814 2917 2879 bell.

540 2922 658 2985 civ.
707 2925 776 2999 I,
829 2925 947 3001 33,
997 2921 1187 2987 Dion.
1230 2922 1399 2989 Cass.
1437 2922 1669 3005 fragm.
1712 2923 1796 2989 95
1836 2924 1961 3009 (ed.
1987 2923 2211 3009 Dind),
2236 2922 2423 2986 Diod.
2472 2920 2593 2988 Sic.
2641 2920 2795 2986 Exc.
2846 2923 2924 2984 de

542 3026 690 3090 virt.
739 3030 806 3091 et
849 3028 961 3095 vit.
1002 3051 1066 3113 p.
1112 3029 1263 3095 609.
1312 3028 1496 3094 Unus
1531 3028 1866 3114 Ampelius
1903 3028 2101 3093 refert
2138 3029 2372 3093 idcirco
2396 3027 2657 3093 Metello
2681 3048 2922 3111 cogno-

543 3155 689 3197 men
738 3133 923 3197 Pium
969 3135 1244 3200 inditum
1294 3158 1463 3214 esse,
1511 3139 1681 3219 quod
1727 3140 1975 3221 patrem
2021 3137 2091 3200 in
2140 3134 2399 3200 exilium
2437 3138 2688 3198 secutus
2728 3134 2830 3198 sit.

629 3239 1174 3305 Hildesheimerus
1220 3242 1311 3308 l.l.
1360 3266 1422 3327 p.
1476 3242 1560 3306 56
1608 3245 1933 3327 praeterea
1979 3242 2199 3306 attulit
2235 3240 2426 3325 Amp.
2471 3242 2592 3317 21,
2632 3240 2742 3324 qui
2767 3239 2923 3303 Lar-

543 3350 673 3410 tem
735 3346 1146 3411 Tolumnium
1204 3347 1567 3413 Veientium
1634 3369 1850 3432 regem
1896 3350 1961 3411 et
2008 3349 2083 3413 de
2131 3348 2245 3412 vir.
2298 3346 2390 3410 ill.
2441 3346 2559 3424 25,
2608 3346 2721 3431 qui
2766 3368 2924 3410 eun-

543 3456 683 3517 dem
747 3452 1150 3517 Fidenatium
1216 3455 1439 3518 ducem
1500 3453 1676 3518 facit.
1742 3453 1865 3519 Sed
1926 3454 2029 3517 hic
2085 3454 2267 3517 nulla
2322 3452 2751 3517 controversia
2794 3455 2924 3527 est;

543 3580 761 3623 omnes
824 3558 1027 3636 enim,
1077 3559 1186 3642 qui
1235 3562 1310 3622 de
1358 3558 1699 3623 Tolumnio
1748 3561 1952 3643 agunt
1972 3583 2001 3637 ,·
2036 3581 2212 3634 eum,
2266 3557 2629 3623 Veientium
2675 3577 2924 3639 regem,

540 3665 609 3728 in
659 3664 779 3727 hoc
822 3663 990 3728 bello
1034 3662 1450 3728 Fidenatibus
1494 3665 1839 3748 praefuisse
1886 3669 2157 3729 narrant
2188 3667 2256 3750 ¹).
2332 3663 2535 3747 Supra
2582 3663 2746 3748 (cap.
2810 3662 2924 3747 VI)

542 3770 944 3853 exposuimus
1007 3791 1138 3833 non
1198 3770 1560 3834 faciendum
1619 3792 1751 3835 esse
1807 3792 1950 3834 cum
1996 3770 2480 3846 Rosenhauem,
2528 3768 2640 3852 qui
2686 3768 2926 3852 Ampe-

541 3876 697 3938 lium
761 3880 824 3939 et
882 3874 1493 3940 Pseudo-Victorem
1557 3898 1666 3953 ea,
1728 3898 1889 3960 quae
1942 3877 2019 3939 de
2068 3874 2279 3939 Fabiis
2322 3876 2623 3953 tradunt,
2670 3897 2801 3940 non
2848 3896 2925 3939 ex

541 3984 758 4046 eodem
822 3982 1003 4046 fonte
1062 3983 1343 4047 hausisse
1389 3983 1624 4047 idcirco
1671 3986 1891 4068 putet,
1940 3986 2112 4066 quod
2156 3982 2263 4047 hic
2312 3983 2389 4046 de
2436 3982 2739 4046 trecentis
2786 4003 2925 4059 sex,

538 4088 646 4153 ille
694 4090 771 4151 de
809 4089 1108 4152 trecentis
1155 4088 1367 4153 Fabiis
1415 4094 1587 4173 agat.

629 4193 771 4258 Hae
832 4194 1290 4279 discrepantiae
1349 4195 1554 4259 textui
1604 4198 1949 4280 depravato
2001 4195 2378 4259 tribuendae
2426 4216 2558 4259 esse
2604 4195 2918 4259 videntur.

609 4436 667 4505 1)
707 4436 791 4490 De
837 4437 1021 4493 eadem
1074 4438 1453 4509 discrepantia,
1504 4457 1639 4510 quae
1686 4438 1828 4509 apud
1878 4438 2093 4495 Florum
2146 4456 2254 4494 esse
2302 4438 2539 4505 videtur,
2576 4438 2714 4494 infra
2750 4437 2928 4509 dispu-

539 4521 688 4576 tandi
725 4522 874 4594 copia
910 4524 1028 4579 erit.
