3184 5342
1653 404 1737 468 62

588 585 683 649 De
744 586 919 649 silvis
981 586 1322 670 publicatis
1368 590 1619 670 praeter
1668 584 2277 649 Pseudo-Victorem
2328 582 2547 649 Cicero
2598 585 2675 648 de
2726 585 2884 669 Rep.

502 690 601 767 II,
647 692 750 768 18,
794 692 877 755 33
918 691 1084 774 egit:
1125 692 1386 755 »Ancus
1421 691 1612 755 silvas
1653 691 2005 757 maritimas
2044 712 2263 755 omnes
2288 690 2640 774 publicavit
2684 712 2887 775 quas

501 797 897 879 ceperat”.
948 796 1319 862 Rectissime
1357 796 1794 881 Schweglerus
1820 797 2015 880 (Hist.
2068 798 2251 862 Rom.
2290 797 2339 860 Ι.
2382 798 2615 880 p.601.
2643 798 2789 860 adn.
2818 796 2886 880 5)

500 903 780 967 ostendit
819 924 960 966 cum
997 902 1540 967 Pseudo-Victore
1579 905 1645 966 et
1693 901 1995 967 Cicerone
2037 902 2286 965 Livium
2329 903 2360 965 Ι
2381 950 2395 978 ,
2442 904 2561 979 33,
2590 902 2629 966 9
2656 902 2885 966 cohae—

501 1030 656 1085 rere,
675 1009 784 1092 qui
799 1010 952 1073 haec
969 1012 1225 1072 tantum
1240 1010 1508 1094 scripsit:
1531 1036 1560 1069 2
1574 1009 1748 1075 Silva
1765 1009 2003 1073 Maesia
2027 1008 2403 1073 Veientibus
2428 1032 2465 1072 a
2481 1012 2521 1072 d
2539 1031 2573 1073 e
2590 1032 2651 1072 m
2670 1032 2711 1093 p
2734 1013 2764 1071 t
2781 1008 2883 1074 a.”

592 1114 688 1178 De
748 1114 914 1179 Anci
976 1114 1200 1179 Marcii
1263 1115 1481 1179 salinis
1543 1115 1663 1179 soli
1727 1115 1860 1181 Liv.
1928 1115 1995 1191 I,
2064 1116 2147 1179 33
2169 1163 2184 1190 ,
2262 1116 2301 1178 9
2350 1116 2409 1200 (»
2422 1114 2673 1179 Salinae
2720 1115 2885 1178 circa

503 1220 803 1306 (Ostiam)
845 1219 1121 1307 factae”)
1137 1224 1202 1285 et
1225 1221 1388 1285 Plin.
1429 1218 1580 1285 Nat.
1609 1220 1779 1286 Hist.
1799 1220 2047 1302 XXXI,
2079 1222 2163 1285 89
2199 1219 2490 1305 (»Ancus
2516 1220 2809 1286 Marcius.
2830 1270 2843 1283 .
2868 1270 2885 1286 .

500 1326 734 1390 salinas
802 1326 1044 1410 primus
1112 1326 1467 1411 instituit'’)
1534 1327 1927 1391 mentionem
1997 1326 2317 1410 fecerunt3
2395 1328 2471 1390 de
2541 1326 2885 1390 salinarum

502 1431 800 1515 vectigali
864 1454 1030 1495 unus
1093 1430 1607 1495 Pseudo-Victor
1668 1432 1821 1515 egit.
1872 1429 2437 1495 Drakenborchius
2486 1432 2567 1495 ad
2616 1431 2751 1496 Liv.
2802 1430 2885 1508 V,

504 1536 623 1613 45,
670 1538 709 1601 8
752 1537 907 1601 haec
945 1538 1315 1601 adnotavit:
1354 1536 1619 1601 »Ancus
1658 1537 1909 1602 videtur
1948 1537 2182 1601 salinas
2224 1537 2688 1602 redemtoribus
2709 1559 2885 1601 exer-

507 1644 736 1707 cendas
797 1643 1065 1719 locasse,
1126 1645 1293 1705 unde
1334 1641 1684 1706 salinarum
1731 1642 2007 1726 vectigal
2048 1643 2401 1706 instituisse
2450 1642 2681 1706 dicitur
2718 1644 2887 1727 apud

504 1748 660 1813 Aur.
734 1749 904 1815 Vict.
971 1750 1047 1812 de
1096 1748 1233 1812 Vir.
1278 1747 1353 1829 53
1403 1748 1673 1832 vectigal
1717 1748 1918 1831 igitur
1961 1748 2245 1812 instituit
2289 1748 2459 1832 quod
2504 1750 2887 1811 redemtores

503 1856 858 1931 solverent,
906 1875 1038 1917 non
1085 1854 1355 1938 populus
1401 1854 1513 1937 qui
1559 1854 1855 1917 salariam
1903 1875 2229 1918 annonam
2280 1856 2545 1917 exercet.
2596 1853 2885 1917 Primum

504 1961 673 2026 enim
715 1960 996 2036 Livium,
1036 1960 1189 2022 inde
1231 1958 1653 2023 Salinatorem
1706 1959 1965 2034 dictum,
2017 1958 2325 2023 Romanis
2369 1957 2646 2039 vectigal
2694 1958 2883 2021 insti-

501 2067 702 2132 tuisse
765 2067 934 2129 recte
996 2064 1330 2129 contendit
1387 2064 1795 2128 Burmannus
1856 2064 1932 2127 de
1992 2063 2172 2127 Vect.
2222 2063 2407 2129 Rom.
2455 2085 2605 2147 pop.
2656 2062 2771 2128 VI.
2819 2087 2882 2147 p.

507 2171 637 2236 90”
671 2170 744 2257 1).

597 2275 756 2343 Oum
818 2278 1082 2355 Liv.,I,
1136 2278 1256 2354 32,
1310 2276 1348 2339 5
1397 2280 1462 2340 et
1510 2274 1683 2341 Serv.
1755 2277 1834 2338 ad
1905 2274 2048 2339 Aen
2096 2274 2193 2352 X,
2246 2276 2329 2338 14
2379 2275 2528 2339 solis
2578 2277 2884 2338 memorat

505 2385 1015 2450 Pseudo-Victor
1057 2384 1156 2448 ius
1197 2382 1408 2447 fetiale
1454 2382 1535 2445 ab
1582 2382 1767 2445 Anco
1813 2381 2054 2445 Marcio
2103 2381 2184 2444 ab
2223 2381 2591 2465 Aequiculis
2621 2379 2882 2445 transla-

505 2494 642 2555 tum
703 2512 852 2555 esse.
935 2489 1030 2554 De
1091 2488 1349 2552 nomine
1410 2486 1606 2551 Rhesi
1651 2490 1821 2552 tacet
1867 2486 2120 2564 Livius3
2170 2487 2411 2551 mentio
2460 2490 2537 2549 de
2578 2507 2652 2550 eo
2700 2506 2884 2570 prae-

507 2602 678 2662 terea
723 2597 798 2660 fit
845 2596 1012 2681 apud
1062 2594 1668 2659 Pseudo-Valerium
1691 2641 1706 2669 ,
1754 2594 1830 2657 de
1877 2614 2203 2677 praenom.
2260 2595 2317 2657 1.

597 2702 772 2778 Quae
841 2701 1340 2766 Pseudo-Victor
1409 2703 1486 2763 de
1562 2701 1903 2763 immatura
1963 2698 2131 2762 Anci
2195 2697 2419 2761 Marcii
2481 2700 2683 2759 morte
2741 2716 2881 2757 nar·

505 2812 640 2886 rat,
699 2808 866 2892 apud
929 2808 1177 2871 nullum
1234 2806 1427 2870 alium
1477 2803 1844 2886 scriptorem
1894 2804 2329 2867 inveniuntur.
2379 2799 2886 2866 Pseudo-Victor

503 2916 676 2979 hunc
721 2935 936 2998 regem
984 2934 1216 2998 paucos
1264 2912 1395 2975 dies
1442 2930 1740 2993 regnasse
1787 2908 2038 2981 scribit;
2083 2911 2308 2971 contra
2357 2907 2495 2971 Liv.
2545 2906 2578 2969 I
2602 2953 2617 2983 ,
2660 2908 2778 2983 35,
2824 2907 2881 2983 l,

506 3022 686 3086 Eutr.
737 3020 790 3098 I,
835 3022 910 3097 5,
963 3019 1091 3087 Cic.
1143 3020 1220 3082 de
1267 3018 1423 3102 Rep.
1476 3016 1554 3094 II,
1610 3018 1729 3092 18,
1782 3017 1895 3105 33,
1936 3013 2217 3077 Licinius
2265 3012 2513 3089 Macer,
2564 3012 2683 3077 On.
2744 3011 2887 3075 Gel-

505 3128 627 3192 lius
695 3129 983 3212 (uterque
1052 3125 1221 3209 apud
1291 3124 1478 3188 Dion.
1545 3122 1694 3187 Hal.
1760 3122 1873 3199 IV,
1942 3121 2009 3204 6)
2071 3142 2216 3183 eum
2282 3119 2637 3204 complures
2684 3140 2888 3182 annos

505 3233 764 3319 (XXIII
815 3237 925 3297 aut
971 3231 1227 3317 XXIV)
1275 3251 1488 3314 regem
1537 3228 1729 3293 fuisse
1778 3228 2064 3291 tradunt.

596 3449 811 3531 Caput
870 3445 983 3510 VI.
1047 3443 1184 3506 Iam
1234 3443 1357 3506 duo
1403 3442 1524 3505 viri
1571 3440 1745 3504 docti
1791 3440 2391 3503 demonstraverunt
2439 3434 2880 3500 Pseudo-Vic-

505 3557 706 3618 torem
753 3553 874 3615 hoc
921 3549 1127 3633 capite
1174 3568 1256 3612 ex
1302 3547 1519 3611 eodem
1568 3547 1825 3609 auctore
1873 3545 2181 3627 pendere,
2228 3564 2415 3625 quem
2454 3540 2672 3605 Livius
2712 3542 2880 3604 inter

501 3659 712 3724 fontes
776 3655 1088 3720 habuerit.
1152 3651 1346 3718 Cuius
1413 3650 1612 3715 fontis
1683 3649 1951 3733 vestigia
2000 3647 2483 3711 Rosenhauerus
2531 3646 2624 3709 1.l.
2678 3668 2736 3728 p.
2792 3647 2874 3709 38

501 3764 780 3830 ostendit
845 3763 911 3825 in
960 3762 1068 3846 iis,
1112 3781 1273 3844 quae
1317 3762 1582 3841 uterque
1623 3757 1701 3820 de
1746 3753 2079 3839 Tarquinii
2119 3751 2390 3816 Romam
2433 3751 2712 3815 adventu
2755 3754 2879 3814 tra-

501 4008 683 4081 plexus
729 4002 859 4058 est.”
923 4001 1063 4055 Nam
1113 4019 1141 4055 e
1193 3998 1396 4065 verbis,
1442 4014 1576 4067 quae
1611 3997 1933 4065 sequuntur:
1972 3995 2062 4057 „et
2096 3991 2482 4045 interfluentem
2518 3991 2641 4046 urbi
2684 3990 2887 4045 Tiberi-

501 4112 626 4148 num
673 4093 835 4164 ponte
881 4086 1175 4143 commisit’'
1222 4083 1513 4139 luculenter
1560 4084 1778 4153 apparet
1841 4078 2054 4133 Florum
2104 4076 2308 4131 novisse
2358 4077 2455 4132 sub
2504 4076 2643 4131 Anci
2695 4076 2885 4131 Marcii

502 4198 667 4253 regno
718 4175 1006 4233 Ianiculum
1062 4172 1185 4228 urbi
1234 4170 1472 4225 additum
1527 4188 1654 4224 esse.
1708 4165 1934 4223 Ianiculi
1980 4168 2155 4219 autem
2205 4163 2427 4218 munitio
2476 4167 2591 4218 arte
2640 4164 2887 4218 cohaeret

502 4285 620 4321 cum
668 4268 829 4337 ponte
874 4260 1094 4317 sublicio
1139 4259 1193 4313 in
1232 4256 1406 4312 Tiberi
1437 4255 1578 4311 facto
1615 4254 1714 4325 (Cf.
1758 4253 1877 4307 Liv.
1915 4251 1974 4319 1,
2014 4253 2106 4317 33,
2145 4253 2195 4317 6,
2233 4250 2387 4304 Dion.
2427 4249 2552 4303 Hal.
2596 4249 2719 4317 III,
2775 4252 2887 4318 45).

504 4351 635 4405 Veri
662 4349 830 4405 simile
860 4352 939 4403 est
968 4365 1150 4403 vocem
1169 4342 1442 4411 „moenia”
1467 4342 1552 4397 vel
1589 4337 1932 4407 „moenibus”
1971 4338 2030 4391 in
2064 4336 2299 4408 margine
2317 4335 2633 4407 adscriptam
2654 4335 2809 4390 fuisse
2829 4339 2886 4390 et

500 4442 682 4509 postea
719 4454 844 4489 voce
879 4431 1241 4499 „Ianiculum”
1281 4430 1460 4500 elapsa
1495 4428 1552 4483 in
1590 4432 1795 4482 textum
1832 4424 2119 4496 irrepsisse.

580 4525 633 4591 1)
669 4522 748 4576 Cf.
785 4520 986 4575 Keilius
1023 4519 1077 4573 in
1111 4518 1246 4573 loco.
