<?xml version="1.0" encoding="UTF-8"?>
<!DOCTYPE html PUBLIC "-//W3C//DTD XHTML 1.0 Transitional//EN"
    "http://www.w3.org/TR/xhtml1/DTD/xhtml1-transitional.dtd">
<html xmlns="http://www.w3.org/1999/xhtml" xml:lang="en" lang="en">
 <head>
  <title>
</title>
<meta http-equiv="Content-Type" content="text/html;charset=utf-8" />
  <meta name='ocr-system' content='tesseract 3.04.00' />
  <meta name='ocr-capabilities' content='ocr_page ocr_carea ocr_par ocr_line ocrx_word'/>
</head>
<body>
  <div class='ocr_page' id='page_1' title='image "./defontibusexqui00vinkgoog_0089.png"; bbox 0 0 3184 5342; ppageno 0'>
   <div class='ocr_carea' id='block_1_1' title="bbox 1336 405 1489 478">
    <p class='ocr_par' dir='ltr' id='par_1_1' title="bbox 1336 405 1489 478">
     <span class='ocr_line' id='line_1_1' title="bbox 1336 405 1489 478; baseline 0 0"><span class='ocrx_word' id='word_1_1' title='bbox 1336 405 1489 478; x_wconf 73' lang='lat'><strong>&#39;77</strong></span> 
     </span>
    </p>
   </div>
   <div class='ocr_carea' id='block_1_2' title="bbox 230 552 2637 2139">
    <p class='ocr_par' dir='ltr' id='par_1_2' title="bbox 230 552 2637 2139">
     <span class='ocr_line' id='line_1_2' title="bbox 250 552 2637 653; baseline 0 -21"><span class='ocrx_word' id='word_1_2' title='bbox 250 567 404 632; x_wconf 86' lang='lat'><strong>359.</strong></span> <span class='ocrx_word' id='word_1_3' title='bbox 472 565 567 644; x_wconf 82' lang='grc'><strong>0.,</strong></span> <span class='ocrx_word' id='word_1_4' title='bbox 631 566 799 631; x_wconf 85' lang='lat' dir='ltr'><strong>Flor.</strong></span> <span class='ocrx_word' id='word_1_5' title='bbox 866 567 935 645; x_wconf 86' lang='grc' dir='ltr'><strong>Ι,</strong></span> <span class='ocrx_word' id='word_1_6' title='bbox 984 567 1070 630; x_wconf 70' lang='grc'><strong>’16</strong></span> <span class='ocrx_word' id='word_1_7' title='bbox 1146 552 1509 631; x_wconf 88' lang='lat' dir='ltr'><strong>traduntur.</strong></span> <span class='ocrx_word' id='word_1_8' title='bbox 1561 565 1720 631; x_wconf 86' lang='lat' dir='ltr'><strong>Cum</strong></span> <span class='ocrx_word' id='word_1_9' title='bbox 1781 569 1950 631; x_wconf 91' lang='lat' dir='ltr'><strong>inter</strong></span> <span class='ocrx_word' id='word_1_10' title='bbox 1996 553 2637 653; x_wconf 84' lang='lat' dir='ltr'><strong>Pseudo-Victorem,</strong></span> 
     </span>
     <span class='ocr_line' id='line_1_3' title="bbox 244 671 2635 758; baseline 0.001 -20"><span class='ocrx_word' id='word_1_11' title='bbox 244 673 431 738; x_wconf 88' lang='lat' dir='ltr'><strong>Dion.</strong></span> <span class='ocrx_word' id='word_1_12' title='bbox 506 671 701 750; x_wconf 61' lang='lat' dir='ltr'><strong>Cass„</strong></span> <span class='ocrx_word' id='word_1_13' title='bbox 767 673 942 752; x_wconf 92' lang='lat' dir='ltr'><strong>Zon.‚</strong></span> <span class='ocrx_word' id='word_1_14' title='bbox 1009 672 1181 737; x_wconf 85' lang='lat' dir='ltr'><strong>Flor.</strong></span> <span class='ocrx_word' id='word_1_15' title='bbox 1246 673 1425 737; x_wconf 88' lang='lat' dir='ltr'><strong>nulla</strong></span> <span class='ocrx_word' id='word_1_16' title='bbox 1488 673 1571 737; x_wconf 91' lang='lat' dir='ltr'><strong>sit</strong></span> <span class='ocrx_word' id='word_1_17' title='bbox 1631 673 2092 758; x_wconf 73' lang='lat' dir='ltr'><strong>discrepantia,</strong></span> <span class='ocrx_word' id='word_1_18' title='bbox 2153 695 2358 758; x_wconf 87' lang='lat' dir='ltr'><strong>pauca</strong></span> <span class='ocrx_word' id='word_1_19' title='bbox 2415 678 2635 740; x_wconf 90' lang='lat' dir='ltr'><strong>tamen</strong></span> 
     </span>
     <span class='ocr_line' id='line_1_4' title="bbox 244 779 2634 866; baseline 0.002 -24"><span class='ocrx_word' id='word_1_20' title='bbox 244 783 430 855; x_wconf 88' lang='lat' dir='ltr'><strong>sunt,</strong></span> <span class='ocrx_word' id='word_1_21' title='bbox 483 801 645 864; x_wconf 86' lang='lat' dir='ltr'><strong>quae</strong></span> <span class='ocrx_word' id='word_1_22' title='bbox 692 782 861 863; x_wconf 91' lang='lat' dir='ltr'><strong>apud</strong></span> <span class='ocrx_word' id='word_1_23' title='bbox 908 779 1158 844; x_wconf 84' lang='lat' dir='ltr'><strong>Livium</strong></span> <span class='ocrx_word' id='word_1_24' title='bbox 1205 801 1337 843; x_wconf 92' lang='lat' dir='ltr'><strong>non</strong></span> <span class='ocrx_word' id='word_1_25' title='bbox 1391 784 1760 864; x_wconf 89' lang='lat' dir='ltr'><strong>congruunt</strong></span> <span class='ocrx_word' id='word_1_26' title='bbox 1805 802 1948 844; x_wconf 91' lang='lat' dir='ltr'><strong>cum</strong></span> <span class='ocrx_word' id='word_1_27' title='bbox 1994 780 2072 846; x_wconf 89' lang='lat' dir='ltr'><strong>iis</strong></span> <span class='ocrx_word' id='word_1_28' title='bbox 2100 829 2114 858; x_wconf 92' lang='lat'>‚</span> <span class='ocrx_word' id='word_1_29' title='bbox 2155 803 2316 866; x_wconf 91' lang='lat' dir='ltr'><strong>quae</strong></span> <span class='ocrx_word' id='word_1_30' title='bbox 2352 780 2634 847; x_wconf 90' lang='lat' dir='ltr'><strong>Pseudo-</strong></span> 
     </span>
     <span class='ocr_line' id='line_1_5' title="bbox 244 884 2631 971; baseline 0.001 -21"><span class='ocrx_word' id='word_1_31' title='bbox 244 885 472 950; x_wconf 90' lang='lat' dir='ltr'><strong>Victor</strong></span> <span class='ocrx_word' id='word_1_32' title='bbox 519 885 835 951; x_wconf 78' lang='lat' dir='ltr'><strong>narravit..</strong></span> <span class='ocrx_word' id='word_1_33' title='bbox 895 884 1016 960; x_wconf 83' lang='lat' dir='ltr'><strong>Qui</strong></span> <span class='ocrx_word' id='word_1_34' title='bbox 1061 888 1231 969; x_wconf 91' lang='lat' dir='ltr'><strong>apud</strong></span> <span class='ocrx_word' id='word_1_35' title='bbox 1279 885 1529 949; x_wconf 88' lang='lat' dir='ltr'><strong>Livium</strong></span> <span class='ocrx_word' id='word_1_36' title='bbox 1578 885 1622 950; x_wconf 94' lang='lat' dir='ltr'><strong>S</strong></span> <span class='ocrx_word' id='word_1_37' title='bbox 1643 886 1925 950; x_wconf 84' lang='lat' dir='ltr'><strong>ervius</strong></span> <span class='ocrx_word' id='word_1_38' title='bbox 1973 885 2287 971; x_wconf 81' lang='lat' dir='ltr'><strong>Sulpicius</strong></span> <span class='ocrx_word' id='word_1_39' title='bbox 2333 891 2631 966; x_wconf 81' lang='lat' dir='ltr'><strong>vocatur,</strong></span> 
     </span>
     <span class='ocr_line' id='line_1_6' title="bbox 240 989 2630 1080; baseline 0.002 -28"><span class='ocrx_word' id='word_1_40' title='bbox 240 995 413 1074; x_wconf 85' lang='lat' dir='ltr'><strong>apud</strong></span> <span class='ocrx_word' id='word_1_41' title='bbox 476 990 1085 1055; x_wconf 85' lang='lat' dir='ltr'><strong>Pseudo-Victorem</strong></span> <span class='ocrx_word' id='word_1_42' title='bbox 1152 990 1420 1054; x_wconf 87' lang='lat' dir='ltr'><strong>Aulus</strong></span> <span class='ocrx_word' id='word_1_43' title='bbox 1477 989 1795 1074; x_wconf 79' lang='lat' dir='ltr'><strong>Sulpicius</strong></span> <span class='ocrx_word' id='word_1_44' title='bbox 1844 991 2106 1070; x_wconf 87' lang='lat' dir='ltr'><strong>dicitur;</strong></span> <span class='ocrx_word' id='word_1_45' title='bbox 2158 993 2325 1077; x_wconf 86' lang='lat' dir='ltr'><strong>apud</strong></span> <span class='ocrx_word' id='word_1_46' title='bbox 2373 993 2630 1080; x_wconf 82' lang='lat' dir='ltr'><strong>Livium</strong></span> 
     </span>
     <span class='ocr_line' id='line_1_7' title="bbox 238 1097 2635 1184; baseline 0 -23"><span class='ocrx_word' id='word_1_47' title='bbox 238 1119 402 1162; x_wconf 86' lang='lat' dir='ltr'><strong>uxor</strong></span> <span class='ocrx_word' id='word_1_48' title='bbox 462 1097 631 1182; x_wconf 90' lang='lat' dir='ltr'><strong>patri</strong></span> <span class='ocrx_word' id='word_1_49' title='bbox 692 1097 925 1162; x_wconf 88' lang='lat' dir='ltr'><strong>doloris</strong></span> <span class='ocrx_word' id='word_1_50' title='bbox 963 1119 1241 1168; x_wconf 69' lang='lat' dir='ltr'><strong>¹causam</strong></span> <span class='ocrx_word' id='word_1_51' title='bbox 1302 1097 1567 1181; x_wconf 81' lang='lat' dir='ltr'><strong>exponit</strong></span> <span class='ocrx_word' id='word_1_52' title='bbox 1620 1101 1685 1162; x_wconf 92' lang='lat' dir='ltr'><strong>et</strong></span> <span class='ocrx_word' id='word_1_53' title='bbox 1733 1119 1909 1162; x_wconf 86' lang='lat' dir='ltr'><strong>socer</strong></span> <span class='ocrx_word' id='word_1_54' title='bbox 1956 1119 2257 1182; x_wconf 84' lang='lat' dir='ltr'><strong>generum</strong></span> <span class='ocrx_word' id='word_1_55' title='bbox 2305 1101 2635 1184; x_wconf 72' lang='lat' dir='ltr'><strong>permovet</strong></span> 
     </span>
     <span class='ocr_line' id='line_1_8' title="bbox 248 1203 2632 1289; baseline 0.001 -22"><span class='ocrx_word' id='word_1_56' title='bbox 248 1206 326 1267; x_wconf 90' lang='lat' dir='ltr'><strong>ut</strong></span> <span class='ocrx_word' id='word_1_57' title='bbox 396 1204 601 1288; x_wconf 87' lang='lat' dir='ltr'><strong>legem</strong></span> <span class='ocrx_word' id='word_1_58' title='bbox 651 1205 729 1268; x_wconf 89' lang='lat' dir='ltr'><strong>de</strong></span> <span class='ocrx_word' id='word_1_59' title='bbox 776 1204 977 1268; x_wconf 89' lang='lat' dir='ltr'><strong>altero</strong></span> <span class='ocrx_word' id='word_1_60' title='bbox 1026 1203 1283 1268; x_wconf 88' lang='lat' dir='ltr'><strong>consule</strong></span> <span class='ocrx_word' id='word_1_61' title='bbox 1329 1225 1405 1266; x_wconf 87' lang='lat' dir='ltr'><strong>ex</strong></span> <span class='ocrx_word' id='word_1_62' title='bbox 1450 1203 1636 1287; x_wconf 87' lang='lat' dir='ltr'><strong>plebe</strong></span> <span class='ocrx_word' id='word_1_63' title='bbox 1681 1204 2083 1289; x_wconf 71' lang='lat' dir='ltr'><strong>promulget,</strong></span> <span class='ocrx_word' id='word_1_64' title='bbox 2129 1206 2299 1289; x_wconf 87' lang='lat' dir='ltr'><strong>apud</strong></span> <span class='ocrx_word' id='word_1_65' title='bbox 2344 1205 2632 1270; x_wconf 84' lang='lat' dir='ltr'><strong>Pseudo-</strong></span> 
     </span>
     <span class='ocr_line' id='line_1_9' title="bbox 236 1309 2627 1398; baseline 0 -25"><span class='ocrx_word' id='word_1_66' title='bbox 236 1309 567 1374; x_wconf 89' lang='lat' dir='ltr'><strong>Victorem</strong></span> <span class='ocrx_word' id='word_1_67' title='bbox 629 1331 789 1374; x_wconf 83' lang='lat' dir='ltr'><strong>uxor</strong></span> <span class='ocrx_word' id='word_1_68' title='bbox 852 1309 1261 1374; x_wconf 73' lang='lat' dir='ltr'><strong>»indecenter</strong></span> <span class='ocrx_word' id='word_1_69' title='bbox 1328 1332 1365 1374; x_wconf 89' lang='lat' dir='ltr'><strong>a</strong></span> <span class='ocrx_word' id='word_1_70' title='bbox 1426 1330 1640 1374; x_wconf 87' lang='lat' dir='ltr'><strong>sorore</strong></span> <span class='ocrx_word' id='word_1_71' title='bbox 1682 1310 1866 1374; x_wconf 85' lang='lat' dir='ltr'><strong>irrisa</strong></span> <span class='ocrx_word' id='word_1_72' title='bbox 1886 1358 1902 1388; x_wconf 88' lang='lat'>,</span> <span class='ocrx_word' id='word_1_73' title='bbox 1953 1311 2181 1375; x_wconf 87' lang='lat' dir='ltr'><strong>marito</strong></span> <span class='ocrx_word' id='word_1_74' title='bbox 2228 1315 2453 1394; x_wconf 90' lang='lat' dir='ltr'><strong>questa</strong></span> <span class='ocrx_word' id='word_1_75' title='bbox 2497 1314 2627 1398; x_wconf 85' lang='lat' dir='ltr'><strong>est,</strong></span> 
     </span>
     <span class='ocr_line' id='line_1_10' title="bbox 230 1415 2631 1503; baseline 0.002 -25"><span class='ocrx_word' id='word_1_76' title='bbox 230 1415 357 1503; x_wconf 42' lang='lat' dir='ltr'><strong>‚qui</strong></span> <span class='ocrx_word' id='word_1_77' title='bbox 379 1463 394 1493; x_wconf 94' lang='lat'>,</span> <span class='ocrx_word' id='word_1_78' title='bbox 461 1416 806 1480; x_wconf 83' lang='lat' dir='ltr'><strong>adiuvante</strong></span> <span class='ocrx_word' id='word_1_79' title='bbox 872 1437 1109 1482; x_wconf 83' lang='lat' dir='ltr'><strong>socero,</strong></span> <span class='ocrx_word' id='word_1_80' title='bbox 1140 1466 1152 1478; x_wconf 92' lang='lat'><strong>.</strong></span> <span class='ocrx_word' id='word_1_81' title='bbox 1184 1464 1199 1481; x_wconf 91' lang='lat'><strong>.</strong></span> <span class='ocrx_word' id='word_1_82' title='bbox 1263 1416 1467 1500; x_wconf 89' lang='lat' dir='ltr'><strong>legem</strong></span> <span class='ocrx_word' id='word_1_83' title='bbox 1530 1415 1713 1494; x_wconf 81' lang='lat' dir='ltr'><strong>tulit,</strong></span> <span class='ocrx_word' id='word_1_84' title='bbox 1769 1419 1845 1479; x_wconf 91' lang='lat' dir='ltr'><strong>ut</strong></span> <span class='ocrx_word' id='word_1_85' title='bbox 1889 1415 2051 1481; x_wconf 84' lang='lat' dir='ltr'><strong>alter</strong></span> <span class='ocrx_word' id='word_1_86' title='bbox 2099 1418 2318 1481; x_wconf 90' lang='lat' dir='ltr'><strong>consul</strong></span> <span class='ocrx_word' id='word_1_87' title='bbox 2365 1439 2399 1482; x_wconf 92' lang='lat' dir='ltr'><strong>e</strong></span> <span class='ocrx_word' id='word_1_88' title='bbox 2445 1417 2631 1502; x_wconf 86' lang='lat' dir='ltr'><strong>plebe</strong></span> 
     </span>
     <span class='ocr_line' id='line_1_11' title="bbox 242 1521 2629 1609; baseline 0.001 -23"><span class='ocrx_word' id='word_1_89' title='bbox 242 1521 625 1587; x_wconf 78' lang='lat' dir='ltr'><strong>crearetur’&#39;.</strong></span> <span class='ocrx_word' id='word_1_90' title='bbox 673 1521 868 1587; x_wconf 87' lang='lat' dir='ltr'><strong>Errat</strong></span> <span class='ocrx_word' id='word_1_91' title='bbox 911 1521 1441 1600; x_wconf 89' lang='lat' dir='ltr'><strong>Pseudo-Victor,</strong></span> <span class='ocrx_word' id='word_1_92' title='bbox 1491 1522 1602 1587; x_wconf 89' lang='lat' dir='ltr'><strong>ubi</strong></span> <span class='ocrx_word' id='word_1_93' title='bbox 1642 1522 1958 1587; x_wconf 89' lang='lat' dir='ltr'><strong>Licinium</strong></span> <span class='ocrx_word' id='word_1_94' title='bbox 1997 1521 2327 1588; x_wconf 85' lang='lat' dir='ltr'><strong>Stolonem</strong></span> <span class='ocrx_word' id='word_1_95' title='bbox 2349 1525 2629 1609; x_wconf 90' lang='lat' dir='ltr'><strong>primum</strong></span> 
     </span>
     <span class='ocr_line' id='line_1_12' title="bbox 233 1627 2624 1713; baseline 0 -20"><span class='ocrx_word' id='word_1_96' title='bbox 233 1651 315 1693; x_wconf 85' lang='lat' dir='ltr'><strong>ex</strong></span> <span class='ocrx_word' id='word_1_97' title='bbox 372 1627 556 1712; x_wconf 86' lang='lat' dir='ltr'><strong>plebe</strong></span> <span class='ocrx_word' id='word_1_98' title='bbox 618 1629 942 1694; x_wconf 89' lang='lat' dir='ltr'><strong>consulem</strong></span> <span class='ocrx_word' id='word_1_99' title='bbox 1002 1629 1188 1707; x_wconf 80' lang='lat' dir='ltr'><strong>facit3</strong></span> <span class='ocrx_word' id='word_1_100' title='bbox 1241 1632 1495 1693; x_wconf 81' lang='lat' dir='ltr'><strong>constat</strong></span> <span class='ocrx_word' id='word_1_101' title='bbox 1541 1629 1708 1693; x_wconf 91' lang='lat' dir='ltr'><strong>enim</strong></span> <span class='ocrx_word' id='word_1_102' title='bbox 1758 1629 1834 1695; x_wconf 92' lang='lat' dir='ltr'><strong>L.</strong></span> <span class='ocrx_word' id='word_1_103' title='bbox 1885 1628 2172 1694; x_wconf 88' lang='lat' dir='ltr'><strong>Sextium</strong></span> <span class='ocrx_word' id='word_1_104' title='bbox 2221 1629 2498 1713; x_wconf 90' lang='lat' dir='ltr'><strong>primum</strong></span> <span class='ocrx_word' id='word_1_105' title='bbox 2546 1653 2624 1694; x_wconf 86' lang='lat' dir='ltr'><strong>ex</strong></span> 
     </span>
     <span class='ocr_line' id='line_1_13' title="bbox 231 1734 2626 1819; baseline 0.001 -21"><span class='ocrx_word' id='word_1_106' title='bbox 231 1735 420 1819; x_wconf 90' lang='lat' dir='ltr'><strong>plebe</strong></span> <span class='ocrx_word' id='word_1_107' title='bbox 466 1735 790 1800; x_wconf 90' lang='lat' dir='ltr'><strong>consulem</strong></span> <span class='ocrx_word' id='word_1_108' title='bbox 840 1757 972 1800; x_wconf 90' lang='lat' dir='ltr'><strong>esse</strong></span> <span class='ocrx_word' id='word_1_109' title='bbox 1017 1739 1336 1813; x_wconf 89' lang='lat' dir='ltr'><strong>creatum,</strong></span> <span class='ocrx_word' id='word_1_110' title='bbox 1386 1735 1708 1799; x_wconf 85' lang='lat' dir='ltr'><strong>Licinium</strong></span> <span class='ocrx_word' id='word_1_111' title='bbox 1755 1739 1968 1799; x_wconf 90' lang='lat' dir='ltr'><strong>autem</strong></span> <span class='ocrx_word' id='word_1_112' title='bbox 2009 1734 2338 1801; x_wconf 93' lang='lat' dir='ltr'><strong>Stolonem</strong></span> <span class='ocrx_word' id='word_1_113' title='bbox 2381 1737 2626 1812; x_wconf 88' lang='lat' dir='ltr'><strong>duobus</strong></span> 
     </span>
     <span class='ocr_line' id='line_1_14' title="bbox 232 1840 2627 1927; baseline -0.001 -19"><span class='ocrx_word' id='word_1_114' title='bbox 232 1842 427 1908; x_wconf 82' lang='lat' dir='ltr'><strong>annis</strong></span> <span class='ocrx_word' id='word_1_115' title='bbox 470 1845 619 1927; x_wconf 92' lang='lat' dir='ltr'><strong>post</strong></span> <span class='ocrx_word' id='word_1_116' title='bbox 664 1845 883 1906; x_wconf 89' lang='lat' dir='ltr'><strong>eodem</strong></span> <span class='ocrx_word' id='word_1_117' title='bbox 932 1842 1175 1906; x_wconf 90' lang='lat' dir='ltr'><strong>honore</strong></span> <span class='ocrx_word' id='word_1_118' title='bbox 1221 1844 1519 1906; x_wconf 89' lang='lat' dir='ltr'><strong>ornatum</strong></span> <span class='ocrx_word' id='word_1_119' title='bbox 1559 1862 1713 1906; x_wconf 90' lang='lat' dir='ltr'><strong>esse.</strong></span> <span class='ocrx_word' id='word_1_120' title='bbox 1781 1840 1954 1916; x_wconf 82' lang='lat' dir='ltr'><strong>Quae</strong></span> <span class='ocrx_word' id='word_1_121' title='bbox 1989 1840 2500 1906; x_wconf 87' lang='lat' dir='ltr'><strong>Pseudo-Victor</strong></span> <span class='ocrx_word' id='word_1_122' title='bbox 2548 1845 2627 1906; x_wconf 90' lang='lat' dir='ltr'><strong>de</strong></span> 
     </span>
     <span class='ocr_line' id='line_1_15' title="bbox 232 1947 2625 2034; baseline -0 -20"><span class='ocrx_word' id='word_1_123' title='bbox 232 1947 519 2014; x_wconf 87' lang='lat' dir='ltr'><strong>Stolonis</strong></span> <span class='ocrx_word' id='word_1_124' title='bbox 584 1948 725 2033; x_wconf 89' lang='lat' dir='ltr'><strong>lege</strong></span> <span class='ocrx_word' id='word_1_125' title='bbox 784 1949 1036 2034; x_wconf 88' lang='lat' dir='ltr'><strong>agraria</strong></span> <span class='ocrx_word' id='word_1_126' title='bbox 1096 1951 1350 2026; x_wconf 81' lang='lat' dir='ltr'><strong>narrat,</strong></span> <span class='ocrx_word' id='word_1_127' title='bbox 1416 1950 1783 2031; x_wconf 88' lang='lat' dir='ltr'><strong>congruunt</strong></span> <span class='ocrx_word' id='word_1_128' title='bbox 1847 1969 1986 2012; x_wconf 92' lang='lat' dir='ltr'><strong>cum</strong></span> <span class='ocrx_word' id='word_1_129' title='bbox 2055 1948 2132 2012; x_wconf 88' lang='lat' dir='ltr'><strong>iis</strong></span> <span class='ocrx_word' id='word_1_130' title='bbox 2154 1995 2169 2026; x_wconf 93' lang='lat'>‚</span> <span class='ocrx_word' id='word_1_131' title='bbox 2232 1969 2392 2032; x_wconf 84' lang='lat' dir='ltr'><strong>quae</strong></span> <span class='ocrx_word' id='word_1_132' title='bbox 2454 1949 2625 2033; x_wconf 88' lang='lat' dir='ltr'><strong>apud</strong></span> 
     </span>
     <span class='ocr_line' id='line_1_16' title="bbox 235 2054 1616 2139; baseline -0.001 -21"><span class='ocrx_word' id='word_1_133' title='bbox 235 2059 480 2118; x_wconf 90' lang='lat' dir='ltr'><strong>ceteros</strong></span> <span class='ocrx_word' id='word_1_134' title='bbox 529 2055 864 2139; x_wconf 81' lang='lat' dir='ltr'><strong>scriptores</strong></span> <span class='ocrx_word' id='word_1_135' title='bbox 909 2055 1030 2119; x_wconf 86' lang='lat' dir='ltr'><strong>hac</strong></span> <span class='ocrx_word' id='word_1_136' title='bbox 1079 2057 1156 2119; x_wconf 90' lang='lat' dir='ltr'><strong>de</strong></span> <span class='ocrx_word' id='word_1_137' title='bbox 1201 2077 1270 2119; x_wconf 90' lang='lat' dir='ltr'><strong>re</strong></span> <span class='ocrx_word' id='word_1_138' title='bbox 1324 2054 1616 2139; x_wconf 87' lang='lat' dir='ltr'><strong>legimus.</strong></span> 
     </span>
    </p>
   </div>
   <div class='ocr_carea' id='block_1_3' title="bbox 224 2267 2624 3738">
    <p class='ocr_par' dir='ltr' id='par_1_3' title="bbox 224 2267 2624 3738">
     <span class='ocr_line' id='line_1_17' title="bbox 330 2267 2623 2355; baseline -0.001 -19"><span class='ocrx_word' id='word_1_139' title='bbox 330 2268 538 2355; x_wconf 82' lang='lat' dir='ltr'><strong>Caput</strong></span> <span class='ocrx_word' id='word_1_140' title='bbox 605 2271 790 2336; x_wconf 91' lang='lat' dir='ltr'>XXI.</span> <span class='ocrx_word' id='word_1_141' title='bbox 866 2270 1010 2335; x_wconf 93' lang='lat' dir='ltr'><strong>Hoc</strong></span> <span class='ocrx_word' id='word_1_142' title='bbox 1072 2269 1279 2354; x_wconf 90' lang='lat' dir='ltr'><strong>capite</strong></span> <span class='ocrx_word' id='word_1_143' title='bbox 1340 2267 1850 2333; x_wconf 87' lang='lat' dir='ltr'><strong>Pseudo-Victor</strong></span> <span class='ocrx_word' id='word_1_144' title='bbox 1903 2271 2016 2331; x_wconf 92' lang='lat' dir='ltr'><strong>aut</strong></span> <span class='ocrx_word' id='word_1_145' title='bbox 2063 2268 2623 2353; x_wconf 84' lang='lat' dir='ltr'><strong>neglegentissime</strong></span> 
     </span>
     <span class='ocr_line' id='line_1_18' title="bbox 228 2373 2624 2461; baseline -0.002 -19"><span class='ocrx_word' id='word_1_146' title='bbox 228 2399 335 2442; x_wconf 82' lang='lat' dir='ltr'><strong>res</strong></span> <span class='ocrx_word' id='word_1_147' title='bbox 396 2377 695 2461; x_wconf 85' lang='lat' dir='ltr'><strong>exposuit</strong></span> <span class='ocrx_word' id='word_1_148' title='bbox 740 2379 852 2439; x_wconf 87' lang='lat' dir='ltr'><strong>aut</strong></span> <span class='ocrx_word' id='word_1_149' title='bbox 897 2398 931 2440; x_wconf 92' lang='lat' dir='ltr'><strong>e</strong></span> <span class='ocrx_word' id='word_1_150' title='bbox 976 2375 1269 2440; x_wconf 85' lang='lat' dir='ltr'><strong>fontibus</strong></span> <span class='ocrx_word' id='word_1_151' title='bbox 1314 2375 1624 2459; x_wconf 87' lang='lat' dir='ltr'><strong>pessimae</strong></span> <span class='ocrx_word' id='word_1_152' title='bbox 1670 2379 1860 2439; x_wconf 89' lang='lat' dir='ltr'><strong>notae</strong></span> <span class='ocrx_word' id='word_1_153' title='bbox 1907 2373 2140 2437; x_wconf 83' lang='lat' dir='ltr'><strong>hausit.</strong></span> <span class='ocrx_word' id='word_1_154' title='bbox 2215 2373 2375 2438; x_wconf 84' lang='lat' dir='ltr'><strong>Cum</strong></span> <span class='ocrx_word' id='word_1_155' title='bbox 2423 2375 2624 2458; x_wconf 88' lang='lat' dir='ltr'><strong>scrip-</strong></span> 
     </span>
     <span class='ocr_line' id='line_1_19' title="bbox 231 2477 2624 2567; baseline -0.002 -20"><span class='ocrx_word' id='word_1_156' title='bbox 231 2483 483 2548; x_wconf 88' lang='lat' dir='ltr'><strong>toribus</strong></span> <span class='ocrx_word' id='word_1_157' title='bbox 527 2481 895 2567; x_wconf 88' lang='lat' dir='ltr'><strong>posterioris</strong></span> <span class='ocrx_word' id='word_1_158' title='bbox 942 2483 1168 2546; x_wconf 87' lang='lat' dir='ltr'><strong>aetatis</strong></span> <span class='ocrx_word' id='word_1_159' title='bbox 1211 2482 1419 2566; x_wconf 89' lang='lat' dir='ltr'><strong>legem</strong></span> <span class='ocrx_word' id='word_1_160' title='bbox 1466 2481 1602 2546; x_wconf 89' lang='lat' dir='ltr'><strong>XII</strong></span> <span class='ocrx_word' id='word_1_161' title='bbox 1638 2480 1997 2555; x_wconf 87' lang='lat' dir='ltr'><strong>tabularum</strong></span> <span class='ocrx_word' id='word_1_162' title='bbox 2037 2479 2252 2562; x_wconf 87' lang='lat' dir='ltr'><strong>legum</strong></span> <span class='ocrx_word' id='word_1_163' title='bbox 2279 2477 2530 2544; x_wconf 88' lang='lat' dir='ltr'><strong>Solonis</strong></span> <span class='ocrx_word' id='word_1_164' title='bbox 2554 2481 2624 2543; x_wconf 95' lang='lat' dir='ltr'><strong>in</strong></span> 
     </span>
     <span class='ocr_line' id='line_1_20' title="bbox 228 2580 2621 2671; baseline -0.002 -17"><span class='ocrx_word' id='word_1_165' title='bbox 228 2580 513 2654; x_wconf 83' lang='lat' dir='ltr'><strong>latinum</strong></span> <span class='ocrx_word' id='word_1_166' title='bbox 564 2609 917 2653; x_wconf 88' lang='lat' dir='ltr'><strong>sermonem</strong></span> <span class='ocrx_word' id='word_1_167' title='bbox 960 2588 1411 2652; x_wconf 87' lang='lat' dir='ltr'><strong>translatarum</strong></span> <span class='ocrx_word' id='word_1_168' title='bbox 1463 2587 1822 2671; x_wconf 83' lang='lat' dir='ltr'><strong>exemplum</strong></span> <span class='ocrx_word' id='word_1_169' title='bbox 1865 2586 2038 2650; x_wconf 87' lang='lat' dir='ltr'><strong>facit.</strong></span> <span class='ocrx_word' id='word_1_170' title='bbox 2068 2582 2122 2671; x_wconf 88' lang='lat'><strong>¹)</strong></span> <span class='ocrx_word' id='word_1_171' title='bbox 2170 2585 2250 2649; x_wconf 92' lang='lat' dir='ltr'><strong>In</strong></span> <span class='ocrx_word' id='word_1_172' title='bbox 2273 2583 2621 2669; x_wconf 82' lang='lat' dir='ltr'><strong>Verginiae</strong></span> 
     </span>
     <span class='ocr_line' id='line_1_21' title="bbox 224 2691 2624 2777; baseline -0.003 -15"><span class='ocrx_word' id='word_1_173' title='bbox 224 2719 376 2762; x_wconf 86' lang='lat' dir='ltr'><strong>casu</strong></span> <span class='ocrx_word' id='word_1_174' title='bbox 444 2698 756 2760; x_wconf 88' lang='lat' dir='ltr'><strong>tradendo</strong></span> <span class='ocrx_word' id='word_1_175' title='bbox 811 2692 1322 2760; x_wconf 87' lang='lat' dir='ltr'><strong>Pseudo-Victor</strong></span> <span class='ocrx_word' id='word_1_176' title='bbox 1366 2717 1511 2759; x_wconf 91' lang='lat' dir='ltr'><strong>cum</strong></span> <span class='ocrx_word' id='word_1_177' title='bbox 1558 2693 1781 2758; x_wconf 87' lang='lat' dir='ltr'><strong>ceteris</strong></span> <span class='ocrx_word' id='word_1_178' title='bbox 1829 2691 2246 2776; x_wconf 87' lang='lat' dir='ltr'><strong>scriptoribus</strong></span> <span class='ocrx_word' id='word_1_179' title='bbox 2292 2691 2624 2777; x_wconf 86' lang='lat' dir='ltr'><strong>congruit,</strong></span> 
     </span>
     <span class='ocr_line' id='line_1_22' title="bbox 225 2786 2620 2887; baseline -0.003 -19"><span class='ocrx_word' id='word_1_180' title='bbox 225 2806 339 2869; x_wconf 84' lang='lat' dir='ltr'><strong>sed</strong></span> <span class='ocrx_word' id='word_1_181' title='bbox 385 2804 556 2887; x_wconf 85' lang='lat' dir='ltr'><strong>apud</strong></span> <span class='ocrx_word' id='word_1_182' title='bbox 602 2802 736 2866; x_wconf 84' lang='lat' dir='ltr'><strong>Liv.</strong></span> <span class='ocrx_word' id='word_1_183' title='bbox 789 2801 930 2880; x_wconf 88' lang='lat' dir='ltr'>III,</span> <span class='ocrx_word' id='word_1_184' title='bbox 979 2803 1063 2866; x_wconf 86' lang='lat'><strong>47</strong></span> <span class='ocrx_word' id='word_1_185' title='bbox 1112 2804 1177 2864; x_wconf 89' lang='lat' dir='ltr'><strong>et</strong></span> <span class='ocrx_word' id='word_1_186' title='bbox 1226 2786 1417 2866; x_wconf 88' lang='lat' dir='ltr'><strong>Dion.</strong></span> <span class='ocrx_word' id='word_1_187' title='bbox 1464 2799 1614 2865; x_wconf 92' lang='lat' dir='ltr'><strong>Hal.</strong></span> <span class='ocrx_word' id='word_1_188' title='bbox 1664 2799 1797 2877; x_wconf 87' lang='lat' dir='ltr'><strong>IX,</strong></span> <span class='ocrx_word' id='word_1_189' title='bbox 1850 2800 1935 2863; x_wconf 85' lang='lat'><strong>33</strong></span> <span class='ocrx_word' id='word_1_190' title='bbox 1979 2801 2162 2883; x_wconf 88' lang='lat' dir='ltr'><strong>pater</strong></span> <span class='ocrx_word' id='word_1_191' title='bbox 2201 2797 2470 2882; x_wconf 84' lang='lat' dir='ltr'><strong>virginis</strong></span> <span class='ocrx_word' id='word_1_192' title='bbox 2492 2798 2620 2861; x_wconf 89' lang='lat' dir='ltr'><strong>iam</strong></span> 
     </span>
     <span class='ocr_line' id='line_1_23' title="bbox 225 2903 2618 2992; baseline -0.003 -17"><span class='ocrx_word' id='word_1_193' title='bbox 225 2910 414 2975; x_wconf 90' lang='lat' dir='ltr'><strong>initio</strong></span> <span class='ocrx_word' id='word_1_194' title='bbox 478 2930 702 2974; x_wconf 89' lang='lat' dir='ltr'><strong>causae</strong></span> <span class='ocrx_word' id='word_1_195' title='bbox 768 2909 980 2986; x_wconf 82' lang='lat' dir='ltr'><strong>adest,</strong></span> <span class='ocrx_word' id='word_1_196' title='bbox 1039 2908 1207 2992; x_wconf 86' lang='lat' dir='ltr'><strong>apud</strong></span> <span class='ocrx_word' id='word_1_197' title='bbox 1255 2906 1868 2972; x_wconf 88' lang='lat' dir='ltr'><strong>Pseudo-Victorem</strong></span> <span class='ocrx_word' id='word_1_198' title='bbox 1915 2903 2265 2988; x_wconf 87' lang='lat' dir='ltr'><strong>Verginius</strong></span> <span class='ocrx_word' id='word_1_199' title='bbox 2312 2903 2445 2967; x_wconf 89' lang='lat' dir='ltr'><strong>filia</strong></span> <span class='ocrx_word' id='word_1_200' title='bbox 2489 2904 2618 2967; x_wconf 90' lang='lat' dir='ltr'><strong>iam</strong></span> 
     </span>
     <span class='ocr_line' id='line_1_24' title="bbox 230 3008 2622 3099; baseline -0.003 -21"><span class='ocrx_word' id='word_1_201' title='bbox 230 3016 484 3080; x_wconf 83' lang='lat' dir='ltr'><strong>addicta</strong></span> <span class='ocrx_word' id='word_1_202' title='bbox 546 3013 933 3099; x_wconf 87' lang='lat' dir='ltr'><strong>supervenit.</strong></span> <span class='ocrx_word' id='word_1_203' title='bbox 1002 3012 1187 3078; x_wconf 87' lang='lat' dir='ltr'><strong>Unus</strong></span> <span class='ocrx_word' id='word_1_204' title='bbox 1234 3010 1743 3078; x_wconf 89' lang='lat' dir='ltr'><strong>Pseudo-Victor</strong></span> <span class='ocrx_word' id='word_1_205' title='bbox 1787 3009 1982 3074; x_wconf 88' lang='lat' dir='ltr'><strong>refert</strong></span> <span class='ocrx_word' id='word_1_206' title='bbox 2027 3008 2410 3094; x_wconf 89' lang='lat' dir='ltr'><strong>Verginium</strong></span> <span class='ocrx_word' id='word_1_207' title='bbox 2454 3008 2622 3072; x_wconf 89' lang='lat' dir='ltr'><strong>filiae</strong></span> 
     </span>
     <span class='ocr_line' id='line_1_25' title="bbox 235 3113 2618 3205; baseline -0.003 -21"><span class='ocrx_word' id='word_1_208' title='bbox 235 3140 463 3205; x_wconf 88' lang='lat' dir='ltr'><strong>corpus</strong></span> <span class='ocrx_word' id='word_1_209' title='bbox 507 3120 773 3184; x_wconf 89' lang='lat' dir='ltr'><strong>humero</strong></span> <span class='ocrx_word' id='word_1_210' title='bbox 822 3123 1149 3204; x_wconf 84' lang='lat' dir='ltr'><strong>gerentem</strong></span> <span class='ocrx_word' id='word_1_211' title='bbox 1194 3121 1273 3182; x_wconf 88' lang='lat' dir='ltr'><strong>ad</strong></span> <span class='ocrx_word' id='word_1_212' title='bbox 1314 3119 1655 3183; x_wconf 86' lang='lat' dir='ltr'><strong>exercitum</strong></span> <span class='ocrx_word' id='word_1_213' title='bbox 1703 3115 1978 3200; x_wconf 82' lang='lat' dir='ltr'><strong>fugisse3</strong></span> <span class='ocrx_word' id='word_1_214' title='bbox 2020 3119 2244 3184; x_wconf 83' lang='lat' dir='ltr'><strong>contra</strong></span> <span class='ocrx_word' id='word_1_215' title='bbox 2285 3116 2456 3199; x_wconf 86' lang='lat' dir='ltr'><strong>apud</strong></span> <span class='ocrx_word' id='word_1_216' title='bbox 2479 3113 2618 3179; x_wconf 79' lang='lat' dir='ltr'><strong>Liv.</strong></span> 
     </span>
     <span class='ocr_line' id='line_1_26' title="bbox 234 3219 2622 3310; baseline -0.003 -20"><span class='ocrx_word' id='word_1_217' title='bbox 234 3224 373 3304; x_wconf 89' lang='grc' dir='ltr'>ΙΙΙ,</span> <span class='ocrx_word' id='word_1_218' title='bbox 434 3228 555 3310; x_wconf 84' lang='grc'><strong>48,</strong></span> <span class='ocrx_word' id='word_1_219' title='bbox 622 3227 680 3292; x_wconf 89' lang='grc'><strong>7.</strong></span> <span class='ocrx_word' id='word_1_220' title='bbox 752 3225 859 3304; x_wconf 85' lang='grc'><strong>57,</strong></span> <span class='ocrx_word' id='word_1_221' title='bbox 924 3226 966 3289; x_wconf 86' lang='grc'>4</span> <span class='ocrx_word' id='word_1_222' title='bbox 1033 3228 1099 3289; x_wconf 88' lang='lat' dir='ltr'><strong>et</strong></span> <span class='ocrx_word' id='word_1_223' title='bbox 1159 3223 1348 3288; x_wconf 85' lang='lat' dir='ltr'><strong>Dion.</strong></span> <span class='ocrx_word' id='word_1_224' title='bbox 1418 3221 1567 3288; x_wconf 86' lang='lat' dir='ltr'><strong>Hal.</strong></span> <span class='ocrx_word' id='word_1_225' title='bbox 1642 3221 1776 3302; x_wconf 88' lang='lat' dir='ltr'><strong>XI,</strong></span> <span class='ocrx_word' id='word_1_226' title='bbox 1826 3222 1932 3287; x_wconf 85' lang='lat'><strong>37.</strong></span> <span class='ocrx_word' id='word_1_227' title='bbox 1985 3223 2092 3285; x_wconf 85' lang='lat'><strong>39.</strong></span> <span class='ocrx_word' id='word_1_228' title='bbox 2143 3221 2227 3285; x_wconf 87' lang='lat'><strong>40</strong></span> <span class='ocrx_word' id='word_1_229' title='bbox 2278 3219 2622 3304; x_wconf 88' lang='lat' dir='ltr'><strong>Verginiae</strong></span> 
     </span>
     <span class='ocr_line' id='line_1_27' title="bbox 232 3317 2622 3418; baseline -0.004 -19"><span class='ocrx_word' id='word_1_230' title='bbox 232 3317 461 3418; x_wconf 77' lang='lat' dir='ltr'><strong>eorpus</strong></span> <span class='ocrx_word' id='word_1_231' title='bbox 523 3333 595 3396; x_wconf 91' lang='lat' dir='ltr'><strong>in</strong></span> <span class='ocrx_word' id='word_1_232' title='bbox 657 3333 813 3398; x_wconf 89' lang='lat' dir='ltr'><strong>urbe</strong></span> <span class='ocrx_word' id='word_1_233' title='bbox 858 3331 1243 3416; x_wconf 86' lang='lat' dir='ltr'><strong>relinquitur</strong></span> <span class='ocrx_word' id='word_1_234' title='bbox 1270 3330 1343 3416; x_wconf 66' lang='lat'><strong>2).</strong></span> <span class='ocrx_word' id='word_1_235' title='bbox 1394 3330 1587 3414; x_wconf 86' lang='lat' dir='ltr'><strong>Apud</strong></span> <span class='ocrx_word' id='word_1_236' title='bbox 1630 3329 1764 3394; x_wconf 82' lang='lat' dir='ltr'><strong>Liv.</strong></span> <span class='ocrx_word' id='word_1_237' title='bbox 1816 3326 1918 3392; x_wconf 95' lang='lat' dir='ltr'><strong>III</strong></span> <span class='ocrx_word' id='word_1_238' title='bbox 1939 3375 1954 3405; x_wconf 87' lang='lat'><strong>,</strong></span> <span class='ocrx_word' id='word_1_239' title='bbox 2004 3328 2086 3390; x_wconf 88' lang='grc'><strong>51</strong></span> <span class='ocrx_word' id='word_1_240' title='bbox 2137 3328 2352 3392; x_wconf 90' lang='lat' dir='ltr'><strong>decem</strong></span> <span class='ocrx_word' id='word_1_241' title='bbox 2377 3326 2622 3390; x_wconf 83' lang='lat' dir='ltr'><strong>tribuni</strong></span> 
     </span>
     <span class='ocr_line' id='line_1_28' title="bbox 229 3434 2616 3525; baseline -0.005 -19"><span class='ocrx_word' id='word_1_242' title='bbox 229 3444 528 3506; x_wconf 86' lang='lat' dir='ltr'><strong>creantur</strong></span> <span class='ocrx_word' id='word_1_243' title='bbox 614 3443 763 3525; x_wconf 91' lang='lat' dir='ltr'><strong>post</strong></span> <span class='ocrx_word' id='word_1_244' title='bbox 831 3438 1229 3504; x_wconf 83' lang='lat' dir='ltr'><strong>Aventinum</strong></span> <span class='ocrx_word' id='word_1_245' title='bbox 1295 3440 1708 3522; x_wconf 89' lang='lat' dir='ltr'><strong>occupatum;</strong></span> <span class='ocrx_word' id='word_1_246' title='bbox 1779 3435 1948 3520; x_wconf 86' lang='lat' dir='ltr'><strong>apud</strong></span> <span class='ocrx_word' id='word_1_247' title='bbox 2011 3434 2616 3499; x_wconf 87' lang='lat' dir='ltr'><strong>Pseudo-Victorem</strong></span> 
     </span>
     <span class='ocr_line' id='line_1_29' title="bbox 236 3537 2617 3625; baseline -0.003 -15"><span class='ocrx_word' id='word_1_248' title='bbox 236 3547 513 3610; x_wconf 71' lang='lat' dir='ltr'><strong>»milites</strong></span> <span class='ocrx_word' id='word_1_249' title='bbox 529 3547 752 3611; x_wconf 86' lang='lat' dir='ltr'><strong>creatis</strong></span> <span class='ocrx_word' id='word_1_250' title='bbox 777 3546 989 3610; x_wconf 89' lang='lat' dir='ltr'><strong>decem</strong></span> <span class='ocrx_word' id='word_1_251' title='bbox 1011 3544 1287 3610; x_wconf 90' lang='lat' dir='ltr'><strong>tribunis</strong></span> <span class='ocrx_word' id='word_1_252' title='bbox 1310 3541 1709 3608; x_wconf 83' lang='lat' dir='ltr'><strong>Aventinum</strong></span> <span class='ocrx_word' id='word_1_253' title='bbox 1733 3540 2186 3625; x_wconf 87' lang='lat' dir='ltr'><strong>occuparunt”.</strong></span> <span class='ocrx_word' id='word_1_254' title='bbox 2215 3539 2402 3623; x_wconf 85' lang='lat' dir='ltr'><strong>Apud</strong></span> <span class='ocrx_word' id='word_1_255' title='bbox 2425 3537 2617 3604; x_wconf 86' lang='lat' dir='ltr'><strong>Dion.</strong></span> 
     </span>
     <span class='ocr_line' id='line_1_30' title="bbox 228 3645 2618 3738; baseline -0.003 -22"><span class='ocrx_word' id='word_1_256' title='bbox 228 3653 372 3718; x_wconf 89' lang='lat' dir='ltr'><strong>Hal.</strong></span> <span class='ocrx_word' id='word_1_257' title='bbox 444 3652 581 3731; x_wconf 89' lang='lat' dir='ltr'><strong>XI,</strong></span> <span class='ocrx_word' id='word_1_258' title='bbox 648 3653 733 3716; x_wconf 86' lang='lat'><strong>46</strong></span> <span class='ocrx_word' id='word_1_259' title='bbox 799 3652 1045 3737; x_wconf 86' lang='lat' dir='ltr'><strong>Appius</strong></span> <span class='ocrx_word' id='word_1_260' title='bbox 1104 3649 1406 3738; x_wconf 82' lang='lat' dir='ltr'><strong>Claudius</strong></span> <span class='ocrx_word' id='word_1_261' title='bbox 1468 3649 1538 3713; x_wconf 92' lang='lat' dir='ltr'><strong>in</strong></span> <span class='ocrx_word' id='word_1_262' title='bbox 1602 3669 1915 3712; x_wconf 88' lang='lat' dir='ltr'><strong>carcerem</strong></span> <span class='ocrx_word' id='word_1_263' title='bbox 1960 3647 2280 3712; x_wconf 90' lang='lat' dir='ltr'><strong>coniectus</strong></span> <span class='ocrx_word' id='word_1_264' title='bbox 2326 3645 2618 3724; x_wconf 88' lang='lat' dir='ltr'><strong>moritur,</strong></span> 
     </span>
    </p>
   </div>
   <div class='ocr_carea' id='block_1_4' title="bbox 229 3851 622 3865">
    <p class='ocr_par' dir='ltr' id='par_1_4' title="bbox 229 3851 622 3865">
     <span class='ocr_line' id='line_1_31' title="bbox 229 3851 622 3865; baseline 0 0"><span class='ocrx_word' id='word_1_265' title='bbox 229 3851 622 3865; x_wconf 95' lang='lat' dir='ltr'><strong> </strong></span> 
     </span>
    </p>
   </div>
   <div class='ocr_carea' id='block_1_5' title="bbox 232 3965 2620 4117">
    <p class='ocr_par' dir='ltr' id='par_1_5' title="bbox 232 3965 2620 4117">
     <span class='ocr_line' id='line_1_32' title="bbox 234 3965 2620 4041; baseline -0.004 -18"><span class='ocrx_word' id='word_1_266' title='bbox 234 3971 548 4041; x_wconf 73' lang='grc' dir='ltr'><em>ἓξεταράχθη</em></span> <span class='ocrx_word' id='word_1_267' title='bbox 596 3973 714 4036; x_wconf 77' lang='grc' dir='ltr'><strong>πρὸς</strong></span> <span class='ocrx_word' id='word_1_268' title='bbox 760 3975 914 4022; x_wconf 74' lang='grc' dir='ltr'><strong><em>τοῦτο</em></strong></span> <span class='ocrx_word' id='word_1_269' title='bbox 962 3971 1096 4022; x_wconf 73' lang='grc' dir='ltr'><strong>οὔπω</strong></span> <span class='ocrx_word' id='word_1_270' title='bbox 1140 3973 1370 4034; x_wconf 76' lang='grc' dir='ltr'><strong><em>πρότερον</em></strong></span> <span class='ocrx_word' id='word_1_271' title='bbox 1454 3967 1591 4019; x_wconf 74' lang='grc' dir='ltr'><strong>κατά</strong></span> <span class='ocrx_word' id='word_1_272' title='bbox 1654 3986 1706 4017; x_wconf 76' lang='grc' dir='ltr'><strong>τι</strong></span> <span class='ocrx_word' id='word_1_273' title='bbox 1766 3967 1874 4026; x_wconf 72' lang='grc' dir='ltr'><em>’ἔθος</em></span> <span class='ocrx_word' id='word_1_274' title='bbox 1939 3967 2154 4031; x_wconf 73' lang='grc' dir='ltr'><strong>ἀρχαῖον</strong></span> <span class='ocrx_word' id='word_1_275' title='bbox 2227 3966 2457 4030; x_wconf 73' lang='grc' dir='ltr'><strong><em>’ἔκρουσεν</em></strong></span> <span class='ocrx_word' id='word_1_276' title='bbox 2521 3965 2620 4024; x_wconf 75' lang='grc' dir='ltr'><strong><em>διε-</em></strong></span> 
     </span>
     <span class='ocr_line' id='line_1_33' title="bbox 232 4047 2618 4117; baseline -0.003 -14"><span class='ocrx_word' id='word_1_277' title='bbox 232 4054 463 4104; x_wconf 69' lang='grc' dir='ltr'><strong><em>τοιούτοὶι</em></strong></span> <span class='ocrx_word' id='word_1_278' title='bbox 530 4058 665 4114; x_wconf 76' lang='grc' dir='ltr'><strong><em>τινὸς</em></strong></span> <span class='ocrx_word' id='word_1_279' title='bbox 730 4053 1059 4117; x_wconf 74' lang='grc' dir='ltr'><strong><em>πεπειραμέγη</em></strong></span> <span class='ocrx_word' id='word_1_280' title='bbox 1128 4053 1213 4104; x_wconf 73' lang='grc' dir='ltr'><strong>καὶ</strong></span> <span class='ocrx_word' id='word_1_281' title='bbox 1276 4052 1373 4102; x_wconf 75' lang='grc' dir='ltr'><strong><em>διε·</em></strong></span> <span class='ocrx_word' id='word_1_282' title='bbox 1458 4051 1648 4110; x_wconf 73' lang='grc' dir='ltr'>πτοῆθη</span> <span class='ocrx_word' id='word_1_283' title='bbox 1685 4050 1738 4101; x_wconf 78' lang='grc' dir='ltr'><strong>δὲ</strong></span> <span class='ocrx_word' id='word_1_284' title='bbox 1773 4052 1891 4114; x_wconf 74' lang='grc' dir='ltr'><strong>πρὸς</strong></span> <span class='ocrx_word' id='word_1_285' title='bbox 1921 4051 2008 4100; x_wconf 82' lang='grc' dir='ltr'><strong>τὸν</strong></span> <span class='ocrx_word' id='word_1_286' title='bbox 2042 4049 2466 4114; x_wconf 74' lang='grc' dir='ltr'><em>πάταγονῆγυνῆ</em></span> <span class='ocrx_word' id='word_1_287' title='bbox 2484 4047 2618 4099; x_wconf 66' lang='grc' dir='ltr'><strong>οὕτω</strong></span> 
     </span>
    </p>
   </div>
   <div class='ocr_carea' id='block_1_6' title="bbox 234 4129 2710 4201">
    <p class='ocr_par' dir='ltr' id='par_1_6' title="bbox 234 4129 2710 4201">
     <span class='ocr_line' id='line_1_34' title="bbox 234 4129 2710 4201; baseline -0.003 -15"><span class='ocrx_word' id='word_1_288' title='bbox 234 4136 435 4195; x_wconf 50' lang='lat' dir='ltr'><strong>moden.</strong></span> <span class='ocrx_word' id='word_1_289' title='bbox 478 4137 707 4201; x_wconf 74' lang='grc' dir='ltr'><em>γέλωτος</em></span> <span class='ocrx_word' id='word_1_290' title='bbox 750 4135 833 4188; x_wconf 62' lang='grc' dir='ltr'><strong>οὖν</strong></span> <span class='ocrx_word' id='word_1_291' title='bbox 882 4135 965 4188; x_wconf 74' lang='grc' dir='ltr'><strong>ἐπ’</strong></span> <span class='ocrx_word' id='word_1_292' title='bbox 1012 4136 1144 4201; x_wconf 71' lang='grc' dir='ltr'><strong>αὐτῇ</strong></span> <span class='ocrx_word' id='word_1_293' title='bbox 1181 4139 1374 4199; x_wconf 79' lang='grc' dir='ltr'><strong><em>συχνοῦ</em></strong></span> <span class='ocrx_word' id='word_1_294' title='bbox 1456 4134 1646 4185; x_wconf 75' lang='grc' dir='ltr'><strong><em>τούτου</em></strong></span> <span class='ocrx_word' id='word_1_295' title='bbox 1681 4132 2037 4197; x_wconf 73' lang='grc' dir='ltr'><strong><em>πεπειραμένη·</em></strong></span> <span class='ocrx_word' id='word_1_296' title='bbox 2075 4133 2161 4182; x_wconf 74' lang='grc' dir='ltr'><strong>καὶ</strong></span> <span class='ocrx_word' id='word_1_297' title='bbox 2187 4131 2354 4196; x_wconf 76' lang='grc' dir='ltr'><em>γέλως</em></span> <span class='ocrx_word' id='word_1_298' title='bbox 2385 4129 2470 4182; x_wconf 71' lang='grc' dir='ltr'><strong>ἐπὶ</strong></span> <span class='ocrx_word' id='word_1_299' title='bbox 2500 4129 2620 4180; x_wconf 75' lang='grc' dir='ltr'><strong><em>τού·</em></strong></span> <span class='ocrx_word' id='word_1_300' title='bbox 2682 4151 2710 4170; x_wconf 70' lang='lat'><em>0</em></span> 
     </span>
    </p>
   </div>
   <div class='ocr_carea' id='block_1_7' title="bbox 230 4213 2621 4625">
    <p class='ocr_par' dir='ltr' id='par_1_7' title="bbox 230 4213 2621 4448">
     <span class='ocr_line' id='line_1_35' title="bbox 232 4213 2621 4285; baseline -0.003 -16"><span class='ocrx_word' id='word_1_301' title='bbox 232 4219 321 4270; x_wconf 71' lang='grc' dir='ltr'><strong>καὶ</strong></span> <span class='ocrx_word' id='word_1_302' title='bbox 365 4222 498 4282; x_wconf 69' lang='grc' dir='ltr'><strong>παρὰ</strong></span> <span class='ocrx_word' id='word_1_303' title='bbox 545 4223 637 4279; x_wconf 67' lang='grc' dir='ltr'><strong>τῆς</strong></span> <span class='ocrx_word' id='word_1_304' title='bbox 684 4221 905 4285; x_wconf 72' lang='grc' dir='ltr'><strong><em>ἀδελφῆς</em></strong></span> <span class='ocrx_word' id='word_1_305' title='bbox 951 4219 1036 4270; x_wconf 70' lang='grc' dir='ltr'><strong>καὶ</strong></span> <span class='ocrx_word' id='word_1_306' title='bbox 1069 4223 1169 4269; x_wconf 74' lang='grc' dir='ltr'><strong>τῶν</strong></span> <span class='ocrx_word' id='word_1_307' title='bbox 1204 4217 1371 4268; x_wconf 78' lang='grc' dir='ltr'><strong><em>Ξέλλων</em></strong></span> <span class='ocrx_word' id='word_1_308' title='bbox 1456 4235 1530 4280; x_wconf 75' lang='grc' dir='ltr'><strong>τῳ</strong></span> <span class='ocrx_word' id='word_1_309' title='bbox 1577 4215 1663 4266; x_wconf 70' lang='grc' dir='ltr'><strong>καὶ</strong></span> <span class='ocrx_word' id='word_1_310' title='bbox 1712 4217 1846 4279; x_wconf 68' lang='grc' dir='ltr'><strong>παρὰ</strong></span> <span class='ocrx_word' id='word_1_311' title='bbox 1880 4219 1974 4275; x_wconf 70' lang='grc' dir='ltr'><strong>τῆς</strong></span> <span class='ocrx_word' id='word_1_312' title='bbox 2013 4215 2236 4277; x_wconf 72' lang='grc' dir='ltr'><strong><em>ἀδελφῆς</em></strong></span> <span class='ocrx_word' id='word_1_313' title='bbox 2269 4213 2354 4264; x_wconf 73' lang='grc' dir='ltr'><strong>καὶ</strong></span> <span class='ocrx_word' id='word_1_314' title='bbox 2387 4217 2486 4262; x_wconf 73' lang='grc' dir='ltr'><strong>τῶν</strong></span> <span class='ocrx_word' id='word_1_315' title='bbox 2521 4229 2621 4262; x_wconf 71' lang='grc' dir='ltr'><strong><em>παι-</em></strong></span> 
     </span>
     <span class='ocr_line' id='line_1_36' title="bbox 231 4291 2619 4367; baseline -0.003 -15"><span class='ocrx_word' id='word_1_316' title='bbox 231 4299 527 4367; x_wconf 70' lang='grc' dir='ltr'><em>νγενομένου,</em></span> <span class='ocrx_word' id='word_1_317' title='bbox 594 4301 679 4351; x_wconf 72' lang='grc' dir='ltr'><strong>καὶ</strong></span> <span class='ocrx_word' id='word_1_318' title='bbox 744 4302 1026 4367; x_wconf 77' lang='grc' dir='ltr'><strong><em>σκωφθεῖσαι</em></strong></span> <span class='ocrx_word' id='word_1_319' title='bbox 1076 4301 1140 4359; x_wconf 83' lang='grc' dir='ltr'><strong>ὡς</strong></span> <span class='ocrx_word' id='word_1_320' title='bbox 1192 4300 1379 4359; x_wconf 75' lang='grc' dir='ltr'><strong>ἰδιῶτις</strong></span> <span class='ocrx_word' id='word_1_321' title='bbox 1466 4301 1639 4362; x_wconf 72' lang='grc' dir='ltr'><strong><em>μόνα-ων</em></strong></span> <span class='ocrx_word' id='word_1_322' title='bbox 1691 4294 1893 4362; x_wconf 77' lang='grc' dir='ltr'><em>ἐγένετο</em></span> <span class='ocrx_word' id='word_1_323' title='bbox 1930 4297 2012 4346; x_wconf 76' lang='grc' dir='ltr'><strong>καὶ</strong></span> <span class='ocrx_word' id='word_1_324' title='bbox 2053 4295 2117 4354; x_wconf 79' lang='grc' dir='ltr'><strong>ὧς</strong></span> <span class='ocrx_word' id='word_1_325' title='bbox 2153 4294 2342 4354; x_wconf 73' lang='grc' dir='ltr'><strong><em>ἰδιῶτις</em></strong></span> <span class='ocrx_word' id='word_1_326' title='bbox 2376 4291 2619 4358; x_wconf 77' lang='grc' dir='ltr'><strong>ἐσκώφθη.</strong></span> 
     </span>
     <span class='ocr_line' id='line_1_37' title="bbox 230 4383 1265 4448; baseline -0.004 -12"><span class='ocrx_word' id='word_1_327' title='bbox 230 4391 330 4436; x_wconf 79' lang='grc' dir='ltr'><strong>τῶν</strong></span> <span class='ocrx_word' id='word_1_328' title='bbox 365 4385 587 4448; x_wconf 73' lang='grc' dir='ltr'><strong><em>ἀρχικῶν</em></strong></span> <span class='ocrx_word' id='word_1_329' title='bbox 623 4383 933 4446; x_wconf 76' lang='grc' dir='ltr'><em>πραγμάτων</em></span> <span class='ocrx_word' id='word_1_330' title='bbox 971 4402 1081 4434; x_wconf 57' lang='lat' dir='ltr'><strong>nur.</strong></span> <span class='ocrx_word' id='word_1_331' title='bbox 1102 4394 1149 4434; x_wconf 79' lang='grc' dir='ltr'><strong>λ.</strong></span> <span class='ocrx_word' id='word_1_332' title='bbox 1252 4409 1265 4418; x_wconf 88' lang='grc'><em>·</em></span> 
     </span>
    </p>

    <p class='ocr_par' dir='ltr' id='par_1_8' title="bbox 302 4461 1842 4538">
     <span class='ocr_line' id='line_1_38' title="bbox 302 4461 1842 4538; baseline -0.003 -16"><span class='ocrx_word' id='word_1_333' title='bbox 302 4470 358 4538; x_wconf 90' lang='grc'><strong>1)</strong></span> <span class='ocrx_word' id='word_1_334' title='bbox 400 4467 479 4522; x_wconf 83' lang='lat' dir='ltr'><strong>Cf.</strong></span> <span class='ocrx_word' id='word_1_335' title='bbox 522 4465 781 4537; x_wconf 83' lang='lat' dir='ltr'><strong>Schwegl.</strong></span> <span class='ocrx_word' id='word_1_336' title='bbox 819 4465 963 4521; x_wconf 86' lang='lat' dir='ltr'><strong>Hist.</strong></span> <span class='ocrx_word' id='word_1_337' title='bbox 1000 4467 1160 4521; x_wconf 83' lang='lat' dir='ltr'><strong>Rom.</strong></span> <span class='ocrx_word' id='word_1_338' title='bbox 1200 4464 1309 4520; x_wconf 91' lang='grc' dir='ltr'><strong>ΠΙ.</strong></span> <span class='ocrx_word' id='word_1_339' title='bbox 1348 4484 1400 4537; x_wconf 89' lang='lat' dir='ltr'><strong>p.</strong></span> <span class='ocrx_word' id='word_1_340' title='bbox 1439 4465 1509 4518; x_wconf 89' lang='grc'><strong>10</strong></span> <span class='ocrx_word' id='word_1_341' title='bbox 1545 4466 1601 4518; x_wconf 88' lang='lat' dir='ltr'><strong>et</strong></span> <span class='ocrx_word' id='word_1_342' title='bbox 1634 4461 1754 4517; x_wconf 85' lang='lat' dir='ltr'><strong>adn.</strong></span> <span class='ocrx_word' id='word_1_343' title='bbox 1788 4464 1842 4518; x_wconf 89' lang='lat'><strong>1.</strong></span> 
     </span>
    </p>

    <p class='ocr_par' dir='ltr' id='par_1_9' title="bbox 301 4549 1682 4625">
     <span class='ocr_line' id='line_1_39' title="bbox 301 4549 1682 4625; baseline -0.004 -16"><span class='ocrx_word' id='word_1_344' title='bbox 301 4556 357 4625; x_wconf 78' lang='lat'><strong>2)</strong></span> <span class='ocrx_word' id='word_1_345' title='bbox 401 4553 479 4608; x_wconf 85' lang='lat' dir='ltr'><strong>Cf.</strong></span> <span class='ocrx_word' id='word_1_346' title='bbox 518 4552 738 4608; x_wconf 83' lang='lat' dir='ltr'><strong>Becker.</strong></span> <span class='ocrx_word' id='word_1_347' title='bbox 776 4553 905 4608; x_wconf 87' lang='lat' dir='ltr'><strong>Ant.</strong></span> <span class='ocrx_word' id='word_1_348' title='bbox 944 4553 1098 4608; x_wconf 88' lang='lat' dir='ltr'><strong>Rom.</strong></span> <span class='ocrx_word' id='word_1_349' title='bbox 1135 4551 1184 4607; x_wconf 94' lang='grc' dir='ltr'><strong>Ι.</strong></span> <span class='ocrx_word' id='word_1_350' title='bbox 1220 4571 1273 4624; x_wconf 92' lang='lat' dir='ltr'><strong>p.</strong></span> <span class='ocrx_word' id='word_1_351' title='bbox 1312 4552 1397 4606; x_wconf 78' lang='lat'><strong>56.</strong></span> <span class='ocrx_word' id='word_1_352' title='bbox 1434 4549 1557 4607; x_wconf 81' lang='lat' dir='ltr'><strong>adn.</strong></span> <span class='ocrx_word' id='word_1_353' title='bbox 1594 4549 1682 4604; x_wconf 87' lang='lat'><strong>93.</strong></span> 
     </span>
    </p>
   </div>
  </div>
 </body>
</html>
