3184 5342
1426 422 1509 485 79

268 613 411 673 tore
460 607 784 673 adhibitus
831 607 919 671 sit
937 655 953 685 ,
1003 606 1318 671 incertum
1368 607 1496 690 est3
1538 625 1702 686 quae
1735 607 1954 666 tamen
1977 602 2047 665 in
2069 600 2367 685 Epitome
2388 601 2538 666 libri
2559 601 2664 666 XI

269 716 445 798 apud
516 713 767 782 Livium
836 713 957 776 hac
1034 715 1111 776 de
1193 711 1261 775 re
1332 713 1698 786 narrantur,
1763 729 1896 772 non
1965 707 2326 790 discrepant
2395 707 2477 772 ab
2543 707 2622 771 iis
2639 753 2658 785 ,

271 841 437 903 quae
507 820 677 903 apud
754 818 1083 883 Valerium
1151 816 1507 882 Maximum
1578 819 1642 878 et
1709 813 2320 878 Pseudo-Victorem
2388 812 2660 898 legimus

273 925 339 1008 (w
350 925 512 990 Cum
576 923 943 1008 pestilentia
1008 922 1231 986 civitas
1276 921 1630 1003 laboraret,
1681 919 1856 984 missi
1902 919 2132 1002 legati,
2179 921 2255 982 ut
2295 916 2661 1003 Aesculapii

270 1031 549 1114 signum
594 1030 865 1094 Romam
930 1029 1012 1093 ab
1072 1027 1393 1113 Epidauro
1458 1027 1917 1103 transferrent,
1967 1045 2279 1110 anguem,
2327 1025 2440 1109 qui
2477 1047 2545 1090 se
2587 1025 2660 1090 in

267 1157 500 1199 navem
548 1157 764 1200 eorum
812 1135 1203 1211 contulerat,
1248 1133 1460 1217 ipsum
1480 1180 1496 1210 ,
1543 1133 1614 1196 in
1658 1154 1785 1216 quo
1833 1153 2072 1195 numen
2118 1152 2252 1195 esse
2298 1131 2656 1209 constabat,

268 1243 775 1325 deportaverunt
836 1263 1034 1324 eoque
1093 1240 1164 1304 in
1222 1241 1498 1304 insulam
1562 1239 1809 1304 Tiberis
1877 1259 2127 1322 egresso
2147 1286 2163 1316 ,
2235 1239 2455 1303 eodem
2516 1238 2658 1302 loco

265 1351 455 1412 aedes
501 1348 871 1433 Aesculapii
917 1347 1266 1412 constituta
1311 1346 1538 1435 est.’').'

363 1557 575 1644 Caput
619 1559 872 1624 XXIII.
920 1559 1063 1624 Hoc
1108 1559 1317 1643 capite
1363 1557 1611 1641 saepius
1657 1555 2168 1622 Pseudo-Victor
2212 1576 2421 1622 errore
2444 1556 2660 1640 lapsus

268 1667 371 1728 est
446 1664 547 1728 vel
622 1665 1183 1750 neglegentissime
1265 1684 1429 1748 quae
1512 1663 1686 1727 facta
1771 1665 1926 1726 sunt
2009 1661 2349 1745 exposuit·
2417 1661 2658 1737 Quam-

266 1792 462 1853 quam
534 1769 766 1836 Falisci
833 1776 983 1855 post
1061 1769 1366 1834 Veiorum
1438 1769 1978 1853 expugnationem
2037 1767 2275 1832 obsessi
2337 1770 2524 1845 sunt,
2581 1768 2659 1832 de

264 1875 661 1942 Faliscorum
710 1877 1189 1962 oppugnatione
1239 1875 1417 1960 prius
1466 1876 1606 1958 agit
1651 1875 1968 1961 quamde
2006 1873 2174 1938 bello
2200 1895 2345 1938 cum
2370 1873 2660 1938 Veienti-

264 1982 389 2045 bus
460 1986 639 2066 gesto
709 1984 1103 2048 mentionem
1174 1982 1349 2046 fecit.
1421 1978 1714 2044 Fortasse
1781 1979 2294 2044 Pseudo-Victor
2352 1979 2660 2064 temporis

268 2087 560 2150 ordinem
624 2089 911 2173 neglexit
927 2137 943 2167 ,
1012 2092 1087 2152 ut
1146 2085 1402 2153 Camilli
1465 2086 1662 2150 vitam
1723 2085 2058 2150 incoharet
2112 2107 2181 2150 re
2226 2085 2621 2150 memorabili
2641 2133 2659 2163 ,

266 2214 398 2276 qua
444 2194 677 2276 optime
723 2193 978 2260 Camilli
1028 2215 1236 2258 mores
1282 2193 1836 2275 cognoscerentur.
1886 2189 2057 2255 Nam
2103 2190 2353 2275 saepius
2397 2191 2468 2254 in
2505 2191 2660 2275 ipsis

265 2298 553 2382 capitum
623 2300 827 2364 initiis
898 2304 974 2364 de
1021 2300 1303 2365 moribus
1350 2320 1567 2363 eorum
1587 2345 1604 2374 ,
1651 2317 1923 2380 quorum
1972 2297 2140 2360 vitae
2188 2296 2658 2375 describuntur,

260 2405 409 2488 agit
468 2404 982 2470 Pseudo-Victor
1011 2408 1081 2490 ¹).
1143 2405 1315 2481 Quae
1377 2406 1457 2469 de
1519 2403 1642 2467 hac
1693 2402 2026 2466 obsidione
2089 2402 2287 2466 tradit
2349 2409 2497 2466 cur'n
2542 2403 2620 2467 iis
2639 2449 2656 2480 ,

260 2532 433 2593 quae
494 2511 687 2574 ceteri
745 2511 1089 2596 scriptores
1145 2510 1265 2575 hac
1313 2514 1391 2575 de
1435 2532 1505 2574 re
1549 2510 1943 2573 rettulerunt
1962 2556 1978 2586 ,
2023 2511 2411 2593 congruunt.
2462 2508 2656 2573 Veios

259 2616 477 2680 hieme
523 2619 745 2700 captos
793 2639 926 2682 esse
973 2639 1141 2680 unus
1182 2615 1691 2681 Pseudo-Victor
1730 2615 1948 2680 tradit.
1989 2617 2296 2679 Attamen
2319 2614 2425 2678 hic
2449 2635 2660 2678 errore

245 2721 473 2806 lapsus
521 2744 655 2787 esse
703 2723 978 2800 videtur,
1043 2743 1232 2806 quem
1283 2721 1417 2786 veri
1463 2721 1670 2786 simile
1715 2724 1812 2785 est
1849 2719 1999 2784 inde
2042 2724 2250 2785 ortum
2281 2742 2412 2785 esse
2432 2767 2449 2798 ,
2487 2720 2658 2804 quod

249 2829 427 2912 apud
498 2832 826 2894 auctorem
889 2829 1149 2914 legisset
1208 2828 1332 2892 hoc
1396 2829 1566 2893 bello
1615 2828 1897 2913 primum
1941 2827 2294 2892 hiematum
2351 2849 2484 2892 esse
2530 2825 2657 2913 (Cf.

252 2934 396 2998 Liv.
446 2934 529 3012 V,
579 2937 641 3013 2,
696 2938 753 3002 1.
808 2936 914 3014 22,
964 2936 1027 3013 8,
1076 2935 1253 3000 Plut.
1305 2932 1483 2999 Cam.
1538 2935 1602 3010 2,
1653 2933 1823 2996 Flor.
1871 2933 1946 3016 Ι,
2003 2935 2122 3010 12,
2171 2935 2262 3017 8).

355 3037 518 3104 Cum
586 3043 777 3107 ceteri
844 3041 1181 3127 scriptores
1243 3043 1321 3105 de
1388 3060 1517 3104 uno
1578 3041 1832 3102 tantum
1895 3038 2184 3115 crimine,
2237 3059 2365 3121 quo
2407 3038 2655 3102 tribuni

266 3145 605 3210 Camillum
653 3149 1127 3231 arcessiverint,
1179 3151 1382 3233 agant
1401 3193 1418 3224 ,
1467 3166 1632 3209 unus
1687 3144 2197 3210 Pseudo-Victor
2237 3144 2362 3209 duo
2387 3143 2656 3208 crimina

263 3250 449 3315 affert
507 3251 916 3337 (›>Postmodo
978 3259 1075 3319 est
1139 3253 1391 3318 crimini
1458 3253 1680 3315 datum
1699 3301 1714 3332 ‚
1775 3254 1945 3335 quod
1992 3250 2152 3314 albis
2199 3250 2376 3333 equis
2423 3251 2653 3314 trium-

258 3356 519 3441 phasset
579 3361 644 3423 et
704 3362 1004 3443 praedam
1067 3360 1282 3444 inique
1352 3358 1705 3422 divisisset:
1777 3357 1879 3422 die
1950 3357 2121 3421 dicta
2167 3378 2207 3418 a
2248 3356 2326 3421 L.
2376 3355 2654 3442 Apuleio

258 3463 520 3529 tribuno
567 3464 773 3549 plebis
812 3467 1155 3532 damnatus
1176 3465 1457 3530 Ardeam
1482 3463 1908 3549 concessit.”).
1955 3461 2051 3527 At
2072 3463 2226 3526 satis
2251 3463 2652 3547 perspicuum

236 3572 353 3656 =est
415 3569 1025 3636 Pseudo-Victorem
1090 3593 1165 3635 ea
1208 3592 1370 3654 quae
1418 3592 1457 3633 a
1503 3569 1744 3654 populo
1794 3567 2066 3633 Camillo
2112 3567 2360 3632 obiecta
2403 3571 2652 3646 essent,

260 3676 709 3762 neglegentius
766 3699 896 3742 non
962 3676 1325 3742 distinxisse
1372 3674 1455 3738 ab
1503 3694 1577 3738 eo
1631 3674 1896 3738 crimine
1916 3720 1932 3750 ,
1980 3676 2152 3757 quod
2196 3673 2508 3757 Apuleius
2553 3673 2656 3737 die

258 3781 429 3846 dicta
490 3782 560 3846 in
623 3804 768 3846 eum
832 3783 1149 3850 intulerit.
1198 3781 1337 3847 Liv.
1384 3784 1462 3858 V,
1515 3780 1622 3856 23,
1681 3779 1743 3856 6,
1794 3778 1970 3843 Plut.
2019 3779 2198 3846 Cam.
2253 3780 2309 3864 7,
2361 3779 2516 3844 Zon.
2565 3779 2651 3857 V,

260 3887 369 3952 21.
415 3910 477 3971 p.
522 3888 675 3956 352.
715 3888 766 3955 C
807 3894 1076 3956 narrant
1111 3889 1347 3954 idcirco
1386 3885 1610 3972 populi
1647 3884 1957 3949 invidiam
1995 3882 2267 3950 Camillo
2308 3884 2650 3950 conflatam

335 4183 390 4252 1)
425 4183 501 4238 Cf.
553 4196 617 4252 5,
671 4184 724 4238 1.
774 4184 957 4238 Ancus
1004 4179 1233 4237 Martius
1253 4222 1266 4236 .
1290 4221 1303 4237 .
1326 4221 1341 4237 .
1391 4179 1658 4251 aequitate
1709 4182 1764 4234 et
1810 4178 2066 4252 religione
2109 4197 2210 4235 avo
2268 4178 2464 4234 similis.
2505 4178 2561 4244 8,
2600 4177 2654 4234 1.

259 4269 571 4340 Tarquinius
620 4269 890 4342 Superbus
940 4285 1231 4340 cognomen
1280 4267 1513 4323 moribus
1559 4264 1770 4320 meruit.
1822 4267 1890 4319 12
1905 4309 1921 4332 ,
1967 4267 2019 4320 1.
2074 4265 2284 4321 Mucius
2333 4263 2537 4319 Cordus
2573 4261 2656 4319 vir

258 4358 528 4412 Romanae
570 4354 916 4412 constantiae.
954 4357 1025 4408 44
1040 4397 1055 4420 ,
1093 4355 1145 4409 1.
1182 4355 1263 4409 M.
1303 4353 1488 4409 Livius
1526 4353 1732 4406 Drusus
1769 4369 1962 4423 genere
1990 4355 2046 4407 et
2076 4350 2377 4423 eloquentia
2402 4369 2654 4423 magnus,

256 4441 353 4498 sed
399 4441 709 4498 ambitiosus
757 4449 813 4498 et
860 4440 1130 4512 superbus.
1183 4442 1249 4495 69
1264 4483 1281 4508 ‚
1319 4441 1370 4494 1.
1427 4439 1495 4494 L.
1539 4435 1814 4493 Cornelius
1851 4437 2021 4493 Cinna
2055 4437 2484 4510 flagitiosissimus
2520 4455 2658 4493 rem-

255 4528 521 4601 publicam
558 4546 761 4583 summa
798 4527 1111 4584 crudelitate
1148 4525 1393 4582 vastavit.
1429 4525 1535 4596 (Cf.
1568 4525 1830 4580 Enmann.
1864 4523 1937 4580 l.l.
1972 4543 2025 4597 p.
2059 4518 2220 4595 465.)'
