3184 5342
1712 433 1797 497 66

555 616 972 699 Tarquinium
1035 616 1254 680 foedus
1313 637 1459 683 cum
1518 615 1771 681 Latinis
1833 615 2013 680 nullo
2073 617 2241 681 bello
2284 620 2465 698 gesto
2510 617 2731 683 fecisse
2775 616 2943 681 refe-

553 725 724 787 runt.
774 721 870 786 De
914 721 1082 785 bello
1130 724 1428 786 adversus
1474 720 1745 785 Sabinos
1790 720 1910 785 soli
1955 721 2458 787 Pseudo-Victor
2492 726 2556 786 et
2580 721 2749 785 Fast.
2780 722 2941 805 Cap.

442 859 453 873 ·
553 827 623 905 θ.
687 828 735 892 Ι.
802 827 874 892 L.
939 829 990 891 I.
1045 851 1108 912 p.
1158 827 1291 892 454
1337 828 1724 893 mentionem
1773 826 2077 893 fecerunt.
2126 827 2340 893 Ferias
2387 828 2649 892 Latinas
2698 851 2737 891 a
2777 828 2940 893 Tar-

551 934 772 1017 quinio
818 932 1102 1017 Superbo
1146 934 1475 999 institutas
1514 956 1649 999 esse
1686 934 1857 1018 apud
1895 933 2086 1000 Dion.
2127 931 2273 997 Hal.
2302 933 2418 1013 IV,
2452 935 2538 999 49
2576 938 2641 999 et
2662 934 2941 999 Pseudo-

547 1038 874 1104 Victorem
917 1043 1174 1103 tantum
1220 1040 1488 1123 legimus
1535 1061 1764 1123 eosque
1811 1040 1917 1103 hic
1963 1062 2002 1102 a
2048 1040 2300 1124 vulgari
2345 1040 2649 1123 opinione
2697 1040 2939 1105 discre-

547 1166 698 1228 pare
743 1146 936 1209 testes
981 1147 1134 1209 sunt
1179 1144 1314 1227 ipse
1361 1144 1703 1229 Dionysius
1747 1143 1867 1228 VI,
1900 1144 1984 1208 95
2024 1145 2162 1230 (ubi
2201 1144 2619 1229 Tarquinium
2646 1144 2940 1209 Priscum

548 1250 797 1315 easdem
866 1251 1054 1315 ferias
1113 1251 1556 1315 instituentem
1619 1249 1805 1336 facit)
1866 1255 1930 1315 et
1991 1249 2203 1318 Schol.
2268 1250 2429 1315 Bob.
2492 1251 2562 1315 in
2624 1250 2753 1317 Cic.
2817 1273 2937 1335 pro

549 1356 767 1421 Plane.
847 1358 886 1421 9
907 1404 924 1434 ,
975 1358 1014 1419 2
1089 1356 1330 1441 (›>Nam
1410 1356 1681 1421 Latinae
1760 1356 1951 1421 feriae
2014 1379 2052 1421 a
2115 1379 2241 1442 quo
2304 1357 2549 1421 fuerint
2600 1357 2939 1422 institutae

547 1462 931 1526 dissentiunt
991 1461 1274 1546 plerique
1331 1465 1639 1526 auctores.
1697 1459 1831 1525 Alii
1891 1485 1929 1526 a
1987 1463 2062 1527 L.
2127 1462 2475 1547 Tarquinio
2522 1463 2739 1527 Prisco
2786 1484 2939 1547 rege

546 1567 981 1632 Romanorum
1029 1567 1515 1644 existimabant,
1564 1567 1676 1631 alii
1715 1588 1862 1632 vero
1904 1590 1942 1632 a
1980 1568 2213 1633 Priscis
2237 1568 2602 1654 Latinis.’').
2651 1570 2936 1634 Pseudo-

548 1673 772 1739 Victor
833 1696 996 1765 cum«
1041 1674 1180 1741 Liv.
1246 1674 1314 1751 Ι,
1374 1674 1458 1737 56
1505 1677 1570 1739 et
1615 1672 1805 1738 Dion.
1854 1673 2004 1739 Hal.
2053 1674 2170 1753 IV,
2220 1676 2309 1739 44
2356 1697 2395 1738 a
2439 1675 2786 1760 Tarquinio
2833 1674 2933 1743 fo-

547 1800 652 1843 ros
719 1780 788 1842 in
859 1778 1043 1844 Circo
1104 1778 1308 1844 factos
1365 1800 1498 1843 esse
1559 1780 1760 1843 tradit
1778 1778 1849 1854 ι).
1924 1780 2121 1845 Errat
2185 1803 2326 1846 cum
2392 1780 2682 1847 Cloacam
2732 1782 2940 1847 Maxi-

545 1908 713 1949 mam
777 1884 1119 1960 Quiritium
1178 1884 1380 1949 fossas
1443 1884 1729 1970 appellat
1750 1933 1765 1962 ,
1817 1908 1975 1969 quas
2023 1907 2172 1971 rege
2215 1888 2399 1952 Anco
2446 1888 2688 1953 Marcio
2736 1888 2940 1953 factas

543 2014 675 2055 esse
736 1990 876 2057 Liv.
942 1990 1007 2073 I,
1074 1992 1196 2067 33,
1248 1990 1283 2055 7
1337 1994 1400 2053 et
1442 1990 1629 2053 Paul.
1680 1991 1861 2055 Diae.
1908 1991 1976 2054 in
2040 2012 2193 2056 voce
2240 1992 2543 2057 referunt.
2585 1992 2761 2056 Alias
2808 1993 2939 2057 fos-

543 2119 679 2175 saS,
745 2097 825 2161 ab
872 2100 1051 2161 Anco
1100 2095 1338 2160 Marcio
1385 2095 1643 2174 ductae,
1694 2097 1926 2178 quibus
1974 2094 2216 2159 Ostiam
2266 2097 2789 2176 circumdederit,
2838 2100 2937 2163 id-

543 2204 708 2268 circo
770 2203 1108 2279 Quiritium
1173 2202 1524 2286 appellatas
1578 2223 1712 2265 esse
1734 2248 1749 2277 ,
1799 2203 1968 2286 quod
2010 2200 2228 2285 populi
2275 2221 2467 2284 opera
2514 2202 2721 2267 factae
2768 2205 2932 2280 sint,

543 2310 729 2374 docet
789 2308 1010 2373 Festus
1053 2308 1121 2372 in
1170 2330 1340 2372 voce.
1388 2306 1546 2371 Veri
1595 2306 1800 2370 simile
1848 2310 1945 2370 est
1990 2305 2603 2371 Pseudo-Victorem
2653 2308 2822 2385 Anci
2868 2311 2935 2371 et

544 2414 876 2498 Tarquinii
937 2435 1128 2497 opera
1190 2414 1293 2477 hic
1353 2413 1522 2477 inter
1569 2434 1637 2477 se
1684 2410 2067 2477 confudisse.
2119 2412 2410 2496 Denique
2458 2412 2935 2477 admonendum

543 2523 672 2599 est,
745 2543 887 2585 cum
951 2522 1118 2603 apud
1186 2522 1426 2583 ceteros
1489 2518 1831 2603 scriptores
1892 2521 2069 2583 vates
2130 2518 2480 2582 cecinerint
2545 2515 2933 2603 Capitolium

544 2648 751 2690 rerum
799 2629 994 2710 caput
1039 2625 1172 2690 fore
1193 2672 1208 2702 ,
1255 2627 1428 2709 apud
1474 2623 2088 2689 Pseudo-Victorem
2139 2627 2203 2688 et
2250 2623 2441 2687 Dion.
2486 2622 2657 2687 Cass.
2706 2624 2781 2690 fr.
2826 2625 2927 2701 11,

546 2735 584 2797 8
626 2731 748 2796 hoc
789 2732 1158 2807 vaticinium
1198 2733 1279 2795 ad
1320 2731 1538 2794 urbem
1573 2730 1893 2812 pertinere
1916 2730 2067 2813 (Dio
2093 2727 2277 2795 Cass:
2310 2731 2417 2802 τὴν
2443 2731 2619 2794 πόλιν
2645 2732 2930 2807 κεφαλὴν

545 2842 786 2901 πολλῶν
858 2838 1027 2900 ἐθνῶν
1100 2836 1372 2913 §asceam
1441 2834 1940 2900 Pseudo-Vict.:
2012 2857 2149 2899 eam
2221 2836 2445 2899 urbem
2514 2839 2709 2919 caput
2776 2856 2935 2920 gen-

540 2942 701 3006 tium
749 2941 1082 3029 futuram).

633 3155 844 3240 Caput
890 3156 1004 3221 IX.
1054 3156 1308 3223 Ulricus
1349 3155 1726 3221 Koehlerus.
1775 3153 1870 3219 l.l.
1920 3176 1983 3237 p.
2040 3154 2147 3231 41,
2196 3152 2520 3238 Hauptius
2567 3155 2660 3222 l.l.
2704 3179 2766 3240 p.
2825 3156 2927 3234 12,

541 3261 1080 3326 Hildesheimerus
1128 3263 1243 3325 1.l.·
1289 3284 1352 3345 p.
1399 3262 1480 3324 21
1533 3264 1741 3324 totum
1793 3259 1916 3323 hoc
1964 3262 2156 3343 caput
2193 3258 2436 3323 eLivio
2460 3259 2716 3325 fluxisse
2739 3265 2928 3345 puta-

542 3372 795 3432 verunt.
845 3366 1012 3442 Quos
1054 3368 1398 3431 rectissime
1420 3366 1751 3451 redarguit
1774 3365 2265 3429 Rosenhauerus
2287 3365 2329 3429 l.
2361 3365 2404 3431 1.
2430 3388 2493 3449 p.
2524 3368 2635 3444 36,
2660 3368 2929 3451 quinon

542 3475 799 3542 Livium
846 3473 1054 3556 ipsum
1097 3476 1206 3536 sed
1245 3471 1415 3537 Livii
1455 3471 1698 3535 fontem
1738 3493 1777 3533 a
1818 3469 2361 3535 Pseudo-Victore
2395 3475 2772 3555 usurpatum
2797 3494 2930 3537 esse

543 3581 843 3645 ostendit.
891 3578 1266 3644 Teuffelium
1316 3577 1509 3662 (apud
1561 3575 1767 3660 Pauly
1814 3574 2113 3642 Realenc.
2162 3575 2278 3641 IV.
2327 3600 2390 3660 p.
2438 3579 2631 3641 1192.
2660 3578 2805 3643 adn.
2838 3579 2927 3663 1),

539 3688 649 3770 qui
695 3685 1156 3750 demonstravit
1204 3685 1457 3749 Livium
1499 3683 1570 3759 I,
1623 3683 1729 3748 57.
1780 3682 1863 3746 58
1914 3686 1977 3745 et
2013 3680 2311 3746 Ovidium
2351 3682 2521 3747 Fast.
2566 3683 2664 3762 ΙΙ,
2707 3684 2925 3750 712-

542 3793 670 3857 850
722 3813 797 3856 ex
847 3792 1065 3854 eodem
1113 3793 1368 3855 auctore
1416 3790 1691 3873 pendere
1710 3835 1725 3866 ,
1774 3792 2059 3865 secutuS,
2110 3787 2404 3872 exposuit
2426 3787 2929 3853 Pseudo-Victo-

540 3920 704 3974 rem,
753 3897 1008 3961 Livium
1031 3942 1047 3973 ,
1101 3894 1397 3960 Ovidium
1445 3894 1757 3959 artissime
1798 3894 1970 3957 inter
2017 3915 2083 3957 se
2129 3893 2497 3970 cohaerere,
2540 3894 2786 3959 duobus
2826 3898 2928 3958 ta-

544 4026 690 4068 men
754 4004 910 4067 locis
973 4024 1012 4065 a
1039 4064 1054 4075 ,
1074 4002 1260 4067 Livio
1323 4002 1677 4085 discrepare
1722 4003 1788 4063 et
1834 3998 2131 4063 Ovidium
2179 4001 2247 4062 et
2289 3999 2927 4067 Pseudo-Victorem.

542 4112 735 4195 Apud
783 4109 1039 4175 Livium
1085 4109 1255 4173 enim
1301 4107 1566 4173 Sextum
1607 4104 2025 4190 Tarquinium
2064 4104 2283 4188 paucis
2323 4104 2674 4169 interiectis
2707 4106 2929 4171 diebus

539 4221 877 4302 postquam
928 4237 1071 4279 cum
1122 4214 1470 4297 Tarquinio
1519 4213 1691 4298 apud
1738 4210 2103 4277 Lucretiam
2152 4210 2412 4288 fuisset,
2461 4209 2800 4275 Collatiam
2832 4233 2931 4275 re-

538 4322 727 4387 diisse
748 4369 763 4400 ,
814 4322 983 4405 apud
1031 4320 1635 4385 Pseudo-Victorem
1670 4320 1737 4382 et
1777 4316 2074 4382 Ovidium
2112 4316 2525 4403 (767—786)
2565 4317 2783 4395 eodem
2825 4318 2929 4382 die

612 4562 667 4628 1)
706 4557 925 4613 Plurimi
965 4556 1172 4613 codices
1206 4572 1305 4627 pro
1343 4553 1472 4609 foris
1509 4552 1657 4607 lacus
1694 4554 1787 4606 aut
1821 4550 1973 4605 ludos
2007 4548 2271 4607 exhibent.
