3184 5342
1411 365 1493 429 25

260 577 448 639 quam
499 553 711 637 Scipio
759 575 797 617 a
842 552 1078 637 populo
1125 552 1396 635 stipatus
1442 551 1509 614 in
1560 550 1945 635 Capitolium
1984 551 2103 615 ivit
2143 550 2280 615 Diis
2321 551 2640 636 supplica-

262 666 398 725 tum
420 708 435 737 ‚
500 660 720 724 statim
781 659 849 723 in
913 658 1200 723 exsilium
1262 658 1316 721 it
1377 657 1701 742 (Antias);
1768 660 1993 721 contra
2051 655 2270 742 Nepos
2329 658 2640 723 tradendo

264 765 639 832 Africanum
707 766 923 830 fratris
986 786 1209 829 causae
1276 764 1355 828 ad
1366 763 1549 827 fuisse
1599 784 1704 828 eos
1750 763 2034 848 sequitur
2055 811 2070 842 ‚
2117 764 2226 847 qui
2273 763 2452 827 illum
2500 767 2648 849 post

264 874 789 959 supplicationem
835 873 907 937 in
954 870 1273 956 Capitolio
1321 871 1605 955 legatum
1654 871 1723 934 in
1771 870 2094 935 Etruriam
2144 871 2331 935 ivisse
2379 871 2645 956 scripse-

260 985 411 1044 runt
459 977 576 1064 (Cf.
629 978 767 1045 Liv.
823 977 1196 1055 XXXVIII,
1250 977 1385 1062 56).
1434 977 1607 1052 Quae
1655 978 1733 1041 de
1770 977 1934 1042 libro
1969 978 2291 1043 rationum
2332 978 2645 1063 discerpto

260 1086 496 1151 Antias
544 1086 932 1161 narraverit,
982 1084 1197 1149 Livius
1243 1104 1369 1149 non
1422 1087 1735 1148 memorat
1759 1082 1833 1169 1).
1883 1083 2003 1148 Sed
2024 1131 2039 1162 ‚
2094 1087 2167 1147 ut
2213 1083 2647 1149 Mommsenus

260 1193 535 1258 coniecit
600 1189 843 1278 (Herm.
908 1190 961 1255 I.
1010 1213 1072 1274 p.
1126 1189 1635 1264 207=Quaest.
1686 1189 1872 1254 Rom.
1921 1188 2003 1253 ΙΙ.
2054 1212 2117 1273 p.
2167 1189 2362 1274 494),
2413 1189 2647 1255 Antias

258 1299 325 1363 id
372 1299 442 1362 in
482 1299 690 1382 prima
728 1319 915 1362 causa
953 1297 1164 1382 apud
1206 1297 1519 1380 populu
1538 1319 1603 1359 m
1648 1295 1886 1360 factum
1935 1317 2070 1360 esse
2116 1295 2398 1360 tradidit.
2450 1294 2647 1371 Quid-

193 1433 214 1450 ·
261 1405 416 1489 quid
476 1404 597 1468 hac
659 1404 736 1467 de
790 1425 858 1466 re
919 1405 1329 1471 statuendum
1378 1406 1508 1481 est,
1562 1402 2073 1468 Pseudo-Victor
2120 1424 2201 1466 ne
2237 1402 2344 1466 hic
2391 1401 2646 1485 quidem

261 1509 578 1594 Nepotem
597 1557 612 1587 ‚
661 1509 772 1593 qui
817 1509 1053 1573 librum
1102 1510 1186 1572 in
1282 1512 1534 1574 enatu
1582 1509 1966 1592 discerptum
2017 1530 2149 1573 esse
2196 1507 2390 1572 refert
2433 1508 2647 1592 sequi-

260 1619 397 1694 tur,
460 1637 602 1680 cum
666 1615 773 1679 ille
842 1614 1202 1698 Scipionem
1264 1616 1329 1679 id
1392 1616 1610 1699 apud
1671 1614 2068 1699 populum
2129 1613 2350 1678 fecisse
2411 1615 2640 1679 tradat.

260 1720 757 1787 Admonendum
819 1726 1147 1808 praeterea
1207 1715 1819 1787 Pseudo-'Victorem
1879 1721 1950 1785 in
2012 1719 2326 1804 Scipionis
2381 1720 2647 1785 Asiatici

259 1827 392 1893 vita
429 1850 483 1894 c.
536 1828 656 1913 53,
700 1832 762 1914 2,
802 1830 872 1893 in
912 1829 1179 1894 Asiatici
1220 1851 1408 1894 causa
1447 1829 1795 1907 tradenda,
1822 1850 1968 1895 cum
1987 1829 2250 1894 Antiate
2275 1847 2645 1911 congruere,

258 1957 297 1998 a
369 1934 620 2020 Nepote
688 1937 1062 2021 discrepare.
1154 1935 1323 2001 Nam
1394 1934 1904 2000 Pseudo-Victor
1981 1957 2124 2000 eum
2201 1956 2379 2000 reum
2439 1941 2646 2019 'pecu-

259 2041 403 2105 niae
464 2042 858 2127 interceptae
917 2041 1111 2107 fuisse
1166 2045 1386 2106 narrat
1426 2041 1688 2127 (Antias
1735 2043 1904 2125 apud
1955 2041 2230 2106 Gellium
2282 2041 2371 2105 1.1.
2424 2041 2648 2104 ›dam-

261 2149 485 2211 natum
554 2149 883 2232 peculatus
954 2149 1037 2214 ob
1091 2150 1433 2233 pecuniam
1492 2148 2051 2233 Antiochinam''.)
2073 2195 2088 2226 ‚
2137 2147 2354 2230 Nepos
2399 2147 2458 2212 ei
2483 2146 2647 2211 mul-

264 2255 398 2316 tam
445 2253 791 2339 irrogatam
841 2277 975 2320 esse
1022 2257 1334 2320 memorat
1358 2257 1429 2341 ²).

355 2359 674 2444 Hauptius
746 2361 1356 2427 Pseudo-Victorem
1426 2360 1531 2425 hic
1594 2360 1912 2445 Nepotem
1975 2363 2262 2424 secutum
2325 2381 2457 2423 esse
2525 2357 2648 2422 hoc

267 2466 665 2549 potissimum
711 2470 1090 2552 argumento
1138 2470 1470 2532 ostendere
1518 2469 1787 2532 conatus
1837 2469 1963 2552 est,
2009 2469 2180 2550 quod
2204 2487 2332 2550 per
2373 2486 2646 2528 errorem

268 2575 425 2636 duas
488 2572 629 2638 illas
670 2575 1101 2640 accusationes
1152 2623 1167 2649 ,
1196 2574 1273 2637 de
1320 2574 1549 2658 quibus
1597 2573 1814 2659 Nepos
1861 2573 1998 2658 agit
2045 2573 2102 2652 (I
2149 2576 2214 2636 et
2259 2571 2375 2658 II),
2423 2570 2648 2635 confu-

266 2677 429 2741 derit
490 2683 555 2742 et
614 2679 708 2744 ita
764 2680 993 2746 Naevii
1040 2681 1285 2744 tribuni
1331 2680 1535 2764 plebis
1582 2701 1817 2745 nomen
1865 2679 2301 2764 suppresserit.
2373 2663 2493 2742 Sed
2540 2677 2648 2740 de-

264 2787 615 2850 monstrare
661 2787 1049 2870 supersedit,
1086 2790 1409 2871 quatenus
1450 2809 1594 2852 cum
1634 2787 1883 2871 Nepote
1907 2790 2272 2871 congruant
2293 2807 2456 2869 quae
2481 2785 2649 2868 apud

262 2889 872 2957 Pseudo-Victorem
945 2894 1022 2957 de
1089 2892 1403 2977 Scipionis
1474 2893 1694 2958 exsilio
1763 2915 1906 2958 cum
1973 2891 2240 2957 Antiate
2304 2911 2654 2974 congruere

260 2997 451 3081 paulo
512 3001 665 3063 ante
733 3000 1027 3064 vidimus.
1097 2999 1307 3064 Facile
1378 3001 1810 3085 unusquisque
1881 2999 2039 3064 mihi
2085 2999 2392 3065 concedet
2437 2998 2651 3063 huius-

262 3103 439 3167 modi
490 3105 777 3170 artificiis
825 3106 1227 3171 difficultates
1283 3107 1614 3172 enucleare
1661 3129 1794 3172 non
1836 3105 2037 3172 licere.

354 3208 669 3276 Omnibus
753 3213 943 3291 locis,
1019 3235 1179 3298 quos
1248 3212 1571 3298 Hauptius
1644 3217 1725 3278 ad
1795 3213 2178 3279 sententiam
2251 3213 2648 3298 probandam

262 3317 484 3381 attulit
524 3317 576 3403 ³)
599 3365 614 3396 ‚
697 3321 1023 3404 perpensis
1100 3320 1703 3386 Pseudo-Victorem
1784 3321 2101 3407 Nepotem
2165 3324 2450 3386 secutum
2519 3342 2653 3385 esse

262 3423 402 3487 sine
447 3423 581 3487 ulla
626 3424 1025 3490 dubitatione
1076 3447 1261 3511 nego.

335 3593 392 3661 1)
432 3591 582 3660 Quae
630 3591 814 3646 Livius
862 3591 1191 3657 XXXVIII,
1232 3593 1297 3646 55
1314 3635 1329 3658 ,
1367 3593 1453 3647 fin.
1494 3593 1592 3647 hac
1630 3592 1696 3647 de
1731 3611 1790 3647 re
1826 3593 2014 3658 tradit,
2053 3612 2158 3648 non
2195 3612 2261 3648 ex
2298 3591 2519 3647 Antiate
2556 3591 2650 3648 sed

265 3696 294 3732 e
330 3677 551 3750 Polybio
589 3679 802 3732 fluxisse
837 3678 1084 3733 Momms.
1124 3677 1196 3733 l.l.
1235 3679 1481 3734 ostendit.

335 3766 392 3834 2)
415 3765 489 3819 Of.
512 3765 579 3820 de
614 3765 974 3820 controversia
1008 3765 1147 3819 intra
1182 3765 1454 3820 Antiatem
1491 3768 1546 3819 et
1581 3765 1842 3835 Nepotem
1875 3765 2114 3821 MommS.
2142 3766 2327 3822 Herm.
2349 3764 2393 3821 I.
2413 3785 2463 3837 p.
2479 3766 2643 3820 1942

263 3849 477 3918 Quaest.
510 3852 662 3914 Rom.
698 3852 770 3906 II.
807 3871 859 3923 p.
898 3853 1020 3907 471.
1058 3851 1178 3906 adn.
1221 3852 1342 3906 107.

336 3937 393 4006 3)
433 3936 635 4006 Quibus
691 3942 961 4009 praeterea
1014 3935 1287 3993 addendus
1342 3941 1423 3992 est
1484 3937 1662 4004 locus,
1719 3957 1875 4010 quem
1925 3939 2375 3996 Hildesheimerus
2417 3940 2514 4011 (l.l.
2553 3941 2647 4010 11)

262 4022 469 4089 attulit,
519 4024 609 4080 ubi
660 4043 869 4096 quoque
925 4024 1158 4081 Pseudo·
1158 4024 1344 4079 Victor
1400 4042 1431 4077 a
1491 4024 1700 4097 Nepote
1755 4025 2030 4098 discrepat.
2081 4028 2164 4082 De
2214 4027 2312 4083 vir.
2350 4027 2423 4082 ill.
2463 4029 2561 4090 41,
2601 4026 2650 4079 1.

265 4110 545 4165 Sexcentas
585 4110 1095 4183 Carthaginiensium
1133 4129 1293 4165 naves
1332 4141 1581 4152 ———-
1619 4111 1784 4167 duce
1824 4112 2220 4169 Hamilcare
2259 4143 2417 4154 ——-
2447 4112 2656 4182 depres-

261 4197 332 4253 sit
384 4200 478 4251 aut
516 4197 666 4268 cepit
721 4199 802 4268 (C.
860 4193 1109 4252 Lutatius
1164 4197 1420 4267 Catulus).
1458 4228 1531 4238 -
1568 4198 1706 4268 Nep.
1765 4199 1923 4254 Ham.
1979 4200 2031 4265 I,
2083 4201 2132 4254 2.
2181 4200 2292 4270 ipse
2331 4197 2647 4271 (Hamilcar)

258 4301 523 4355 nusquam
562 4284 701 4340 hosti
737 4285 891 4340 cessit
928 4316 1001 4326 —
1019 4317 1088 4326 --
1125 4302 1435 4356 semperque
1469 4284 1706 4355 superior
1734 4284 2026 4341 discessit.”
2066 4287 2148 4340 De
2183 4285 2350 4340 altero
2385 4285 2503 4339 loco
2534 4284 2650 4338 Hil-

261 4362 586 4425 desheimero
620 4388 726 4424 non
763 4371 1044 4436 assentior,
1085 4389 1207 4426 nam
1246 4371 1386 4425 inter
1422 4387 1512 4437 ea,
1549 4388 1684 4440 quae
1719 4370 1785 4426 de
1821 4371 1915 4425 vir.
1948 4370 2018 4425 ill.
2050 4373 2148 4437 41,
2183 4373 2212 4425 2
2246 4375 2301 4426 et
2333 4390 2470 4442 quae
2506 4371 2649 4443 apud

262 4457 400 4529 Nep.
438 4457 599 4513 Ham.
637 4458 665 4512 I
678 4501 693 4524 ‚
732 4463 762 4511 5
801 4456 1087 4513 traduntur
1101 4499 1116 4522 ,
1152 4456 1351 4512 nullam
1388 4456 1792 4511 controversiam
1837 4457 2007 4512 inesse
2038 4456 2205 4512 video.
