3184 5342
1107 1133 1569 1216 CAPUT
1633 1133 1805 1216 VI.

350 1547 524 1612 Ante
570 1547 687 1612 hos
735 1549 1038 1631 quattuor
1076 1567 1281 1611 annos
1321 1550 1368 1610 I.
1420 1546 2072 1611 Rosenhauerus
2119 1545 2627 1612 dissertationem

257 1653 491 1731 edidit,
556 1675 718 1736 quae
780 1653 1105 1718 continet:
1177 1651 1551 1736 »Symbolas
1615 1651 1694 1715 ad
1741 1651 2175 1735 quaestionem
2227 1652 2303 1715 de
2349 1652 2636 1718 fontibus

241 1758 425 1835 libri,
474 1760 587 1843 qui
632 1759 1003 1823 inscribitur
1056 1759 1172 1822 »de
1218 1759 1370 1823 viris
1416 1757 1770 1822 illustribus
1821 1757 1994 1821 urbis
2042 1744 2347 1821 Romae’'.
2435 1757 2630 1824 Cuius

243 1866 708 1931 dissertationis
760 1865 915 1930 haec
962 1887 1209 1930 summa
1254 1866 1369 1930 est.
1434 1863 2046 1930 Pseudo-Victorem.
2099 1864 2168 1927 in
2216 1864 2433 1929 libello
2481 1887 2638 1930 con-

243 1971 580 2036 scribendo
620 1975 747 2036 tres
787 1971 997 2037 fontes
1040 1971 1399 2036 adhibuisse
1418 2017 1433 2047 ,
1477 1971 1754 2034 vitarum
1794 1974 1860 2034 et
1898 1968 2302 2034 historiarum
2331 1975 2395 2034 et
2419 1968 2634 2035 exem-

246 2079 498 2162 plorum
565 2078 779 2142 libros,
859 2076 1253 2143 Consensum
1318 2076 1887 2142 Pseudo-Victoris
1946 2098 2089 2140 cum
2150 2075 2443 2160 Ampelio
2489 2078 2638 2142 inde

252 2188 466 2248 ortum
514 2207 644 2249 esse
662 2232 679 2262 ‚
733 2186 903 2268 quod
950 2184 1171 2248 iisdem
1212 2183 1361 2247 vitis
1399 2185 1464 2247 et
1509 2183 1729 2247 eodem
1775 2182 2076 2247 historico
2123 2181 2287 2247 libro
2331 2220 2410 2230 —
2452 2205 2640 2268 quem

251 2289 507 2354 Livium
558 2311 688 2355 non
727 2289 918 2355 fuisse
955 2292 1125 2356 recte
1166 2288 1632 2354 demonstravit
1670 2288 1759 2372 (p.
1806 2289 2097 2366 34—39)
2141 2326 2222 2335 —
2264 2289 2362 2353 usi
2387 2289 2518 2352 sint
2543 2289 2634 2374 (p.

257 2396 572 2481 19—27).
664 2396 1223 2461 Pseudo-Victoris
1296 2399 1510 2460 autem
1580 2417 1725 2460 cum
1795 2393 1984 2460 Floro
2049 2415 2426 2459 consensum
2500 2397 2642 2460 usui

261 2501 537 2565 eiusdem
586 2501 733 2566 libri
779 2502 1065 2568 historici
1110 2501 1521 2566 tribuendum
1568 2523 1703 2566 esse
1749 2501 1840 2586 (p.
1897 2501 2209 2586 10—19).

342 2605 601 2670 Praeter
646 2607 770 2672 alia
816 2610 1197 2692 argumenta
1247 2606 1509 2672 minoris
1560 2607 1870 2672 momenti
1908 2607 2061 2673 haec
2100 2605 2394 2690 inprimis
2419 2608 2642 2672 attulit

254 2715 327 2774 ut
386 2713 749 2777 ostenderet
811 2713 950 2777 fieri
1005 2735 1137 2778 non
1197 2734 1378 2798 posse
1423 2715 1499 2777 ut
1534 2712 2050 2778 Pseudo-Victor
2093 2713 2288 2796 longe
2338 2713 2640 2778 maiorem

254 2820 497 2898 partem
544 2840 579 2882 e
622 2817 773 2883 vitis
820 2821 1101 2901 pendeat
1118 2866 1134 2897 ,
1176 2857 1260 2868 -—
1301 2819 1365 2882 id
1386 2867 1402 2898 ‚
1451 2820 1621 2904 quod
1669 2817 2210 2883 Hildesheimerus
2258 2819 2531 2884 coniecit
2555 2859 2637 2869 —

249 2924 421 3006 quod
469 2923 981 2989 Pseudo-Victor
1026 2947 1213 3010 saepe
1256 2925 1327 2988 in
1372 2925 1654 2990 virorum
1699 2924 2041 2989 illustrium
2084 2925 2232 2989 vitis
2259 2946 2391 2989 non
2417 2947 2636 2990 eorum

249 3027 448 3092 vitam
507 3029 615 3092 sed
676 3028 953 3115 aliquam
1015 3053 1148 3095 rem
1210 3030 1687 3096 memorabilem
1733 3030 1948 3093 tradat
1977 3028 2025 3115 1)
2077 3029 2166 3114 (p.
2218 3030 2281 3108 6,
2333 3030 2420 3115 7),
2469 3033 2639 3115 quod

250 3132 330 3195 de
375 3131 453 3196 iis
500 3135 687 3216 agat,
736 3156 1004 3218 quorum
1053 3136 1216 3201 vitas
1264 3136 1646 3220 perscriptas
1694 3157 1826 3199 esse
1872 3134 2004 3199 veri
2052 3134 2257 3198 simile
2303 3158 2434 3200 non
2473 3138 2558 3201 sit
2585 3138 2637 3223 2)

250 3238 339 3321 (p.
398 3238 483 3323 7),
558 3240 727 3323 quod
798 3242 915 3306 »de
978 3242 1197 3306 multis
1261 3242 1412 3307 viris
1476 3241 1835 3306 illustribus
1898 3241 2327 3306 narrationem
2378 3264 2511 3308 non
2557 3245 2637 3308 ab

253 3347 397 3408 ortu
420 3390 435 3421 ‚
485 3364 751 3428 genere,
800 3347 1106 3432 pueritia,
1158 3347 1587 3413 adulescentia
1633 3348 1742 3412 sed
1787 3347 1870 3411 ab
1917 3367 1989 3410 eo
2040 3348 2344 3431 temporis
2391 3351 2634 3434 spatie,

252 3470 381 3534 quo
443 3451 709 3534 primam
776 3475 994 3518 eorum
1059 3453 1429 3518 memoriam
1486 3453 1557 3517 in
1624 3456 1930 3538 perpetua
1979 3451 2243 3517 historia
2287 3455 2605 3520 invenerit
2624 3503 2640 3534 ,

248 3554 562 3639 incipiat’'
630 3559 719 3641 (p.
788 3561 847 3643 7,
914 3560 1005 3645 8).
1063 3559 1336 3625 Etiamsi
1384 3561 1483 3624 his
1530 3559 1921 3641 argumentis
1967 3558 2222 3623 adducti
2268 3559 2449 3623 facile
2496 3582 2640 3625 cum

253 3659 705 3728 Rosenhauero
749 3664 1051 3745 facimuS,
1102 3666 1212 3729 ubi
1250 3665 1585 3730 contendit
1622 3665 1686 3728 in
1728 3665 2044 3749 plerisque
2084 3664 2641 3732 Pseudo-Victoris

253 3767 564 3849 capitibus
635 3791 765 3835 non
838 3772 1115 3837 vitarum
1186 3774 1297 3836 sed
1358 3771 1768 3836 historiarum
1827 3769 1974 3834 libri
2014 3770 2283 3854 vestigia
2329 3771 2605 3837 inveniri
2624 3821 2641 3852 ,

255 3873 539 3938 attamen
582 3874 709 3940 illis
755 3877 832 3941 de
879 3878 1085 3942 causis
1105 3925 1122 3956 ,
1172 3899 1331 3962 quas
1378 3876 1807 3963 superioribus
1854 3875 2169 3960 capitibus
2211 3880 2640 3962 exposuimus,

328 4105 387 4174 1)
429 4104 503 4159 Cf.
543 4105 609 4159 de
646 4104 745 4160 vir.
780 4104 854 4160 ill.
895 4107 942 4161 9.
983 4105 1049 4161 L.
1086 4106 1405 4177 Tarquinius
1444 4106 1736 4163 Collatinus
1765 4111 1822 4163 et
1850 4108 2098 4165 Lucretia
2125 4129 2286 4177 uxor,
2306 4110 2397 4166 ubi
2414 4108 2644 4165 Pseudo-

257 4189 444 4245 Victor
478 4191 754 4248 Lucretiae
790 4195 1060 4264 stupratae
1096 4211 1271 4249 casum
1310 4193 1487 4250 refert.
1526 4195 1612 4249 16.
1645 4194 1944 4250 Postumius
1959 4239 1973 4261 ,
2005 4196 2099 4252 ubi
2123 4215 2304 4270 pugna
2323 4195 2642 4268 Regillensis

254 4280 518 4334 narratur.
566 4281 650 4334 36.
702 4280 895 4335 Decius
936 4280 1086 4347 Mus,
1136 4281 1230 4336 ubi
1266 4281 1332 4336 de
1367 4280 1760 4337 Volsinensium
1797 4281 2005 4337 luxuria
2036 4282 2228 4355 agitur.
2269 4285 2355 4338 48.
2394 4283 2454 4339 O.
2493 4282 2644 4338 Clau-

253 4363 376 4419 dius
414 4365 561 4420 Nero
598 4370 653 4420 et
687 4365 1023 4435 Hasdrubal,
1063 4367 1154 4424 ubi
1190 4386 1370 4440 pugna
1411 4367 1480 4430 ad
1516 4367 1823 4422 Metaurum
1855 4368 2185 4424 describitur.

329 4453 386 4523 2)
431 4452 510 4507 Of.
554 4452 621 4507 de
667 4453 764 4508 vir.
806 4453 879 4507 ill.
920 4456 1005 4509 13.
1047 4454 1261 4510 Cloelia.
1304 4458 1388 4510 14.
1450 4454 1605 4510 Fabii
1653 4456 1875 4510 trecenti
1913 4473 2022 4511 sex.
2064 4457 2147 4511 30.
2193 4455 2518 4511 PostumiuS.
2553 4458 2640 4510 46,

258 4537 480 4593 Claudia
514 4539 669 4610 virgo
710 4539 957 4595 Vestalis.
997 4542 1083 4596 59.
1121 4541 1414 4598 Mancinus.
1455 4544 1539 4596 86.
1579 4540 1877 4612 Cleopatra.
