3184 5342
1696 339 1781 403 56

546 521 612 582 et
679 518 757 581 de
827 518 1068 601 proelio
1133 518 1442 603 singulari
1509 521 1901 585 mentionem
1965 519 2247 597 faciunt,
2314 522 2392 584 de
2448 519 2679 603 quibus
2738 518 2923 583 rebus

546 624 760 689 Iaivius
805 623 997 707 plane
1041 627 1229 690 tacet.
1279 624 1374 689 De
1398 625 1703 709 Tarpeiae
1725 627 2087 710 proditione
2110 626 2327 691 Livius
2350 626 2418 703 I,
2452 627 2528 689 11
2558 630 2624 689 et
2645 624 2926 689 Pseudo-

543 729 768 795 Victor
838 730 1054 793 eadem
1121 735 1404 797 narrant.
1461 730 1584 796 Sed
1632 732 1851 797 Livius
1900 754 2033 796 non
2078 733 2279 797 tradit
2320 731 2575 796 Tatium
2622 730 2931 813 Tarpeiae

545 836 870 919 optionem
918 836 1198 901 muneris
1244 837 1526 913 dedisse3
1575 839 1744 921 apud
1768 860 1911 903 eum
1938 838 2093 903 haee
2117 843 2404 903 tantum:
2444 837 2707 921 »Tarpei
2729 836 2931 929 filiam

545 942 855 1025 virginem
903 962 1058 1005 auro
1103 943 1462 1025 corrumpit
1492 943 1714 1007 Tatius
1734 992 1749 1020 ,
1798 947 1874 1009 ut
1918 949 2195 1008 armatos
2240 944 2310 1007 in
2366 964 2571 1007 arcem
2599 940 2931 1026 accipiat.”

545 1044 786 1111 Contra
845 1047 1390 1112 Pseudo-Victor:
1456 1050 1558 1112 »ei
1621 1048 1693 1115 T.
1752 1049 1973 1113 Tatius
2021 1050 2346 1133 optionem
2390 1048 2673 1113 muneris
2718 1048 2929 1124 dedit,

504 1152 598 1217 vsi
671 1154 1014 1216 exercitum
1077 1174 1264 1216 suum
1323 1154 1390 1217 in
1455 1152 1845 1239 Capitolium
1902 1155 2361 1240 perduxisset.”
2426 1154 2618 1219 Hanc
2678 1175 2810 1217 rem
2861 1154 2933 1217 in

544 1257 709 1323 Livii
776 1256 956 1321 fonte
1025 1258 1326 1322 traditam
1397 1260 1588 1325 fuisse
1648 1282 1725 1326 ex
1784 1262 1863 1325 iis
1927 1261 2134 1326 verbis
2180 1262 2482 1345 sequitur,
2531 1282 2691 1344 quae
2740 1260 2932 1343 paulo

542 1362 712 1427 infra
773 1364 940 1447 apud
1005 1386 1147 1427 eum
1211 1365 1516 1449 legimus:
1579 1367 1879 1431 »additur
1938 1367 2193 1433 fabulae
2219 1416 2233 1431 .
2264 1415 2277 1430 .
2311 1415 2325 1430 .
2385 1366 2701 1450 pepigisse
2748 1387 2892 1429 eam
2915 1413 2932 1443 ,

543 1470 714 1553 quod
773 1468 842 1531 in
892 1468 1166 1547 sinistris
1215 1472 1508 1536 manibus
1557 1472 1935 1537 haberent.”
1984 1473 2115 1549 Ea,
2162 1494 2326 1557 quae
2374 1472 2592 1536 Livius
2641 1475 2707 1535 et
2755 1471 2931 1535 Plut.

538 1571 724 1639 Rom.
779 1574 859 1637 17
909 1573 1029 1639 hac
1077 1575 1155 1638 de
1191 1597 1259 1639 re
1299 1577 1713 1661 rettulerunt,
1758 1600 1792 1642 0
1815 1577 2013 1643 Fabio
2038 1578 2292 1643 Pictore
2315 1599 2603 1641 manasse
2625 1578 2927 1641 videntur

536 1682 602 1742 et
661 1678 852 1762 plane
916 1680 1280 1763 discrepant
1338 1681 1419 1745 ab
1485 1682 1599 1759 iis,
1662 1705 1825 1767 quae
1886 1682 2269 1768 Calpurnius
2317 1684 2463 1749 Piso
2512 1684 2681 1767 apud
2728 1681 2925 1747 Dion.

538 1783 689 1847 Hal.
739 1784 843 1862 ΙΙ,
892 1786 977 1851 38
1023 1788 1101 1849 de
1147 1786 1363 1850 eadem
1409 1809 1478 1852 re
1525 1791 1829 1853 narravit.
1864 1790 1910 1875 1)

630 1888 789 1954 Cum
855 1891 1036 1955 Livio
1099 1891 1165 1969 Ι,
1216 1893 1295 1974 8,
1350 1893 1408 1959 7.
1461 1895 1576 1971 17,
1626 1896 1665 1957 5
1694 1895 1747 1980 2)
1797 1895 2308 1960 Pseudo-Victor
2354 1842 2691 1960 centum
2740 1917 2927 1959 sena-

537 1999 708 2059 tores
767 1996 886 2059 sub
947 1996 1222 2062 Romulo
1285 1998 1477 2062 fuisse
1520 2001 1759 2076 tradit3
1806 2004 2028 2066 contra
2075 2000 2184 2064 alii
2232 2001 2571 2084 scriptores
2617 2002 2928 2065 ducentos

539 2103 652 2165 aut
719 2105 971 2166 centum
1043 2108 1107 2167 et
1169 2105 1640 2189 quinquaginta
1701 2110 2025 2171 senatores
2080 2128 2119 2169 a
2178 2105 2453 2170 Romulo
2500 2112 2748 2172 creatos
2796 2128 2929 2171 esse

541 2206 827 2271 referunt
851 2201 920 2293 3).
985 2206 1190 2273 Causa
1253 2232 1364 2301 cur
1427 2210 1762 2276 Senatores
1824 2212 2046 2275 Patres
2091 2215 2400 2276 vocentur
2439 2212 2567 2275 alia
2614 2217 2711 2277 est
2758 2213 2926 2296 apud

543 2312 792 2377 Livium
835 2314 941 2397 (ab
990 2313 1258 2400 honore)
1279 2363 1294 2392 ,
1345 2317 1470 2379 alia
1516 2318 1685 2400 apud
1734 2317 2343 2382 Pseudo-Victorem
2372 2319 2437 2402 (a
2480 2318 2767 2403 pietate),
2816 2321 2927 2382 sed

542 2417 661 2481 ha‘c
714 2418 790 2481 de
826 2439 894 2482 re
941 2423 1099 2503 quot
1147 2420 1482 2504 scriptores
1530 2426 1629 2487 tot
1672 2424 2028 2488 sententiae
2054 2426 2127 2509 ⁴).
2176 2421 2337 2488 Cum
2384 2424 2564 2488 Livio
2611 2425 2662 2500 Ι,
2718 2426 2818 2503 13,
2861 2425 2923 2488 8.

541 2525 662 2601 36,
714 2526 752 2587 2
802 2527 930 2589 tres
1000 2524 1265 2604 Tribus,
1335 2526 1761 2605 Ramnenses,
1809 2528 2044 2607 Tities,
2093 2528 2393 2603 Luceres,
2440 2549 2585 2591 cum
2634 2527 2919 2607 equitum

542 2630 846 2695 centuriis
884 2629 1176 2695 confudit
1196 2634 1270 2715 ⁵).
1312 2633 1827 2699 Pseudo-Victor
1866 2625 2173 2699 Lucerum
2213 2632 2489 2696 nominis
2528 2628 2839 2711 originem
2878 2648 2919 2689 a

537 2734 911 2799 Lucumone
972 2734 1220 2800 derivat
1242 2738 1295 2821 6)
1357 2739 1436 2801 (10
1481 2759 1608 2822 quo
1657 2738 1907 2804 Livius:
1958 2726 2314 2802 »Lucerum
2362 2734 2635 2800 nominis
2682 2736 2746 2797 et
2790 2732 2921 2795 ori-

537 3051 714 3119 potest
758 3051 822 3103 ut
869 3046 1289 3102 Pseudo-Victor
1329 3047 1385 3102 id
1420 3064 1613 3102 nomen
1643 3059 1680 3101 ’0
1714 3046 1853 3102 Livii
1886 3045 2125 3112 fontibus
2162 3044 2539 3117 desumpserit,
2576 3042 2671 3098 sed
2708 3047 2803 3098 aut
2837 3062 2928 3097 no·

537 3152 659 3188 men
693 3132 904 3188 aliunde
941 3133 992 3187 ei
1025 3133 1296 3205 cognitum
1335 3132 1536 3187 addidit
1571 3136 1665 3188 aut
1703 3138 1975 3187 auctorem
2015 3137 2228 3188 secutus
2260 3134 2364 3197 est,
2394 3130 2487 3202 qui
2510 3130 2742 3185 eundem
2773 3148 2927 3200 quem

540 3219 728 3274 Livius
764 3220 961 3275 fontem
998 3219 1292 3291 usurpavit.

613 3307 668 3375 1)
706 3305 786 3360 Of.
834 3306 1210 3362 Lachmannus
1257 3308 1323 3361 de
1371 3306 1502 3361 sont.
1555 3306 1678 3362 hist.
1736 3306 1853 3361 Liv.
1892 3306 1940 3361 Ι.
1984 3312 2007 3370 5
2048 3307 2133 3359 26.
2174 3324 2225 3377 p.
2266 3306 2349 3358 53.
2388 3303 2460 3358 Η.
2502 3304 2729 3358 Peterus
2786 3303 2923 3357 Plut.

542 3392 678 3449 font.
712 3393 771 3448 in
807 3394 962 3448 Rom.
999 3392 1092 3448 vit.
1129 3412 1181 3464 p.
1219 3395 1340 3447 155.

615 3481 670 3550 2)
703 3480 853 3539 Idem
888 3481 1112 3535 tradunt
1144 3479 1357 3549 Vopisc.
1397 3480 1522 3533 Tae.
1563 3480 1614 3544 1,
1658 3477 1861 3532 Arnob.
1900 3478 1943 3542 I,
1988 3478 2074 3539 41.

615 3568 668 3636 3)
705 3567 812 3633 Ea,
881 3586 1016 3638 quae
1072 3565 1534 3621 Weissenbornius
1573 3564 1644 3619 ad
1680 3554 1797 3619 Liv.
1835 3564 1893 3631 1,
1931 3565 2027 3630 17,
2067 3566 2095 3615 5
2136 3562 2320 3617 attulit
2353 3562 2424 3617 ad
2461 3562 2924 3618 demonstrandum

542 3651 754 3707 Livium
805 3652 893 3708 hic
921 3658 1016 3709 aut
1052 3670 1231 3707 errore
1267 3652 1473 3724 lapsum
1505 3670 1615 3707 esse
1633 3656 1727 3707 aut
1750 3651 1889 3725 apud
1910 3654 2174 3705 auctorem
2195 3668 2349 3703 suum
2370 3650 2559 3722 legisse
2576 3655 2696 3721 post
2712 3648 2927 3704 Romuli

545 3743 770 3794 mortem
815 3744 1024 3794 centum
1062 3743 1331 3811 senatores
1374 3758 1403 3793 0
1454 3740 1847 3794 Ramnensibus
1894 3742 2099 3793 creatos
2126 3755 2357 3791 summae
2400 3755 2575 3791 rerum
2622 3734 2930 3807 praefuisse,

544 3824 704 3879 nullis
732 3824 890 3880 certis
927 3826 1253 3897 argumentis
1287 3827 1550 3881 nituntur.

610 3913 666 3980 4)
706 3910 786 3963 Cf.
823 3911 1080 3984 Schwegl.
1125 3912 1267 3969 Hist.
1306 3914 1466 3967 Rom.
1509 3913 1554 3967 I.
1595 3931 1648 3983 p.
1688 3913 1809 3971 635.
1847 3912 1967 3966 adn.
2007 3915 2059 3967 1.

613 3998 668 4065 5)
705 3995 786 4049 Cf.
837 3996 1096 4069 Schwegl.
1147 3999 1288 4053 Hist.
1337 4000 1493 4052 Rom.
1544 3997 1590 4052 Ι.
1625 4017 1676 4069 p.
1716 3999 1837 4052 497.
1876 3998 1999 4052 adn.
2038 4000 2087 4053 2.
2132 3997 2372 4052 Eundem
2410 4014 2635 4051 errorem
2675 3994 2927 4051 commisit

538 4081 711 4138 Schol.
749 4081 910 4153 Cruq.
951 4082 1019 4137 ad
1051 4084 1182 4138 Hor.
1219 4085 1340 4138 Art.
1379 4085 1529 4139 Post.
1570 4086 1691 4138 342.

607 4171 661 4239 6)
700 4170 958 4225 Nonnulli
997 4169 1206 4225 codices
1249 4170 1528 4225 exhibent:
1570 4172 1841 4237 „Luceres
1878 4188 1911 4223 a
1946 4169 2051 4224 luci
2088 4167 2509 4224 communione.”
2548 4168 2604 4222 Si
2642 4168 2742 4223 hoc
2759 4167 2927 4239 legen-

537 4255 664 4309 dum
695 4260 804 4323 est,
861 4256 1287 4312 Pseudo-Victor
1323 4257 1573 4327 congruit
1609 4275 1730 4311 011111
1767 4256 1861 4323 iis,
1899 4274 2033 4325 quae
2068 4255 2210 4309 Plut.
2252 4256 2408 4309 Rom.
2448 4256 2533 4322 20,
2573 4254 2923 4309 Pseudo-Asc.

539 4342 594 4397 in
629 4342 784 4399 Verr.
821 4345 943 4400 Act.
982 4344 1059 4410 H,
1097 4344 1146 4412 Ι,
1185 4345 1272 4412 14,
1311 4342 1481 4399 Schol.
1521 4345 1671 4399 Pers.
1710 4343 1756 4410 Ι,
1796 4344 1863 4399 20
1900 4362 1951 4414 p.
1974 4344 2076 4397 252
2122 4340 2229 4411 (011.
2269 4342 2453 4410 Jahn),
2490 4340 2557 4397 de
2592 4341 2747 4397 huius
2784 4340 2925 4396 verbi

542 4428 744 4501 origine
780 4430 1133 4487 tradiderunt.
