3184 5342
1370 411 1451 474 51

219 595 528 674 (Γράκχος
603 595 707 658 καὶ
784 593 1067 662 Φλάκκος
1138 593 1248 655 σὺν
1316 589 1525 662 ὅπλοις
1599 589 1822 665 ἐξέθεον
1889 593 1990 653 ἐπὶ
2057 593 2159 654 τὸν
2207 593 2602 654 Ἀουεντῖνον.

215 701 550 772 διαθέοντές
602 725 673 764 τε
720 701 859 771 τοὺς
910 697 1281 776 θεράποντας
1330 696 1701 760 συνεκάλουν
1753 693 2242 780 ἕτέ’>.ευ3ἐρίᾳ.).

561 807 752 892 Amp.
804 808 921 882 28,
972 807 1033 870 3.
1707 803 1786 866 de
1837 804 1956 866 vir.
2011 801 2105 865 ill.
2157 802 2262 883 35,
2315 803 2378 867 6.

306 914 592 999 Pyrrhus
627 916 875 979 vastata
899 911 1253 994 Campania
1282 913 1363 972 ad
1542 908 1831 992 Pyrrhus
1858 959 1873 975 .
1901 957 1918 971 .
1981 911 2064 972 ad
2109 909 2476 972 vicesimum
2521 909 2607 972 ab

218 1021 584 1086 vicesimum
608 1020 691 1084 ab
714 1019 872 1082 urbe
902 1017 1180 1101 lapidem
1220 1037 1363 1099 per-
1472 1015 1628 1078 urbe
1673 1014 1952 1097 lapidem
1997 1017 2206 1077 castra
2249 1016 2484 1097 posuit.

220 1128 415 1191 Venit.
1150 1141 1167 1176 e

557 1231 749 1315 Amp.
802 1231 887 1295 45
908 1277 925 1307 ‚
976 1231 1038 1295 2.

314 1389 328 1403 .
355 1389 369 1402 .
394 1391 404 1402 .
430 1360 575 1404 cum
599 1338 887 1421 Pyrrhus
903 1337 983 1401 ad
1002 1337 1371 1400 vicesimum

214 1445 495 1529 lapidem
533 1448 735 1508 totam
777 1440 1197 1526 Campaniam
1244 1462 1365 1525 po-

218 1552 478 1634 pulatus
524 1549 801 1614 accessit.

311 1671 487 1736 Haec
545 1675 799 1755 praeter
842 1669 1209 1752 Ampelium
1256 1672 1323 1730 et
1368 1667 1977 1732 Pseudo-Victorem
2025 1689 2192 1730 unus
2253 1665 2481 1731 Florus
2537 1671 2568 1730 1
2583 1716 2602 1744 ‚

224 1779 344 1853 13,
410 1777 496 1840 24
556 1776 860 1839 tradidit:
912 1773 1185 1836 ‚victor
1230 1774 1434 1855 primo
1484 1773 1722 1856 proelio
1771 1772 2056 1854 Pyrrhus
2105 1777 2246 1836 tota
2291 1777 2606 1838 tremente
2707 1753 2716 1760 ’

220 1881 577 1966 Campania
604 1919 687 1928 —
717 1919 800 1928 -—
857 1902 898 1942 a
935 1879 1231 1943 vicesimo
1286 1878 1500 1962 lapide
1544 1879 1762 1942 oculos
1799 1879 2082 1961 trepidae
2109 1879 2392 1942 civitatis
2425 1879 2606 1943 fumo

218 2011 294 2053 ac
342 1987 603 2072 pulveie
644 1986 1004 2070 implevit'’.

312 2095 611 2159 Vidimus
632 2116 823 2178 quam
848 2098 987 2156 arte
1000 2094 1171 2156 inter
1186 2113 1257 2156 se
1270 2090 1654 2156 cohaereant
1667 2090 2178 2154 Pseudo-Victor
2189 2095 2256 2154 et
2273 2091 2608 2177 Ampelius

224 2207 291 2266 et
307 2223 499 2286 quam
515 2199 853 2263 manifesto
869 2202 1198 2282 appareat,
1210 2218 1319 2260 eos
1334 2196 1606 2260 eundem
1621 2199 1944 2258 auctorem
1959 2200 2204 2258 secutos
2217 2218 2368 2260 eaee.
2385 2196 2608 2262 osten,

226 2309 436 2371 dimus
472 2305 733 2370 Florum
776 2327 853 2368 ex
890 2307 1108 2367 eodem
1146 2306 1405 2366 auctore
1438 2323 1567 2386 quo
1589 2301 1736 2388 illos
1773 2301 2114 2384 scriptores
2145 2322 2608 2388 nonnunquam

224 2413 505 2495 pendere
544 2410 1137 2474 Demonstravimus
1166 2409 1529 2473 faciendum
1562 2430 1698 2471 esse
1721 2429 1864 2472 cnm
1887 2406 2233 2471 Eumanno
2251 2459 2268 2488 ‚
2295 2410 2407 2492 qui
2431 2410 2604 2474 hunc

224 2516 514 2581 libellum
564 2515 815 2579 maioris
860 2516 1007 2579 libri
1052 2517 1373 2599 epitomen
1418 2537 1554 2578 esse
1599 2514 1959 2578 coniecerit.
2009 2512 2186 2588 Quae
2227 2517 2600 2580 coniectura

221 2625 418 2688 etiam
464 2624 585 2687 hac
629 2645 697 2686 re
740 2623 1157 2687 confirmatur
1174 2669 1191 2698 ‚
1238 2621 1409 2704 quod
1452 2643 1489 2683 e
1534 2621 2016 2704 comparatione
2039 2620 2606 2688 Pseudo-Victoris

224 2752 372 2793 cum
415 2727 716 2812 Ampelio
756 2735 1025 2812 apparet
1045 2714 1282 2790 librum
1317 2728 1395 2791 de
1415 2728 1568 2791 viris
1613 2726 1970 2791 illustribus
2013 2748 2090 2790 ea
2141 2727 2212 2790 in
2257 2735 2606 2814 augustum

227 2838 447 2900 coacta
490 2835 821 2900 continere
836 2887 854 2918 ,
912 2856 1077 2918 quae
1122 2835 1195 2898 in
1240 2836 1475 2899 maiore
1518 2836 1684 2899 libro
1727 2834 2046 2918 eopiosius
2091 2835 2408 2920 descripta
2453 2839 2606 2903 sint.

318 2941 491 3017 Quae
537 2963 685 3006 cum
731 2941 825 3004 ita
859 2942 995 3004 sint
1038 2944 1451 3004 statuendum
1498 2942 1750 3004 videtur
1797 2940 2118 3024 quendam
2165 2939 2358 3006 fuisse
2403 2943 2607 3028 scrip-

227 3051 432 3111 torem
451 3097 469 3130 ,
518 3049 628 3130 qui
672 3047 1003 3111 historiam
1050 3067 1272 3130 regum
1319 3051 1387 3110 et
1428 3046 1666 3115 liberae
1711 3045 1802 3109 rei
1847 3045 2139 3130 publicae
2184 3045 2254 3109 in
2302 3047 2450 3111 vitis
2495 3069 2608 3112 ex-

230 3174 468 3237 ponere
512 3153 845 3218 studuerit.
890 3152 1046 3228 Quis
1091 3153 1197 3217 hic
1242 3153 1514 3237 scriptor
1552 3153 1744 3217 fuerit
1779 3159 1848 3217 et
1885 3153 2117 3238 quibus
2150 3151 2438 3218 fontibus
2465 3175 2610 3220 usus

228 3257 346 3334 sit,
414 3279 627 3322 eruere
690 3279 825 3322 non
884 3259 1228 3342 potuimus.
1292 3257 1503 3343 Opera
1560 3259 1696 3324 eius
1753 3261 1946 3344 plane
2004 3259 2265 3344 periisse
2309 3259 2610 3328 videntur

226 3370 293 3431 et
331 3365 508 3429 hunc
552 3365 927 3448 scriptorem
972 3368 1243 3428 eundem
1288 3386 1502 3430 casum
1548 3367 1768 3432 tulisse
1809 3367 1946 3432 veri
1995 3365 2202 3432 simile
2245 3371 2344 3434 est
2363 3415 2381 3448 ‚
2420 3389 2609 3454 quem

230 3472 468 3536 multos
506 3472 696 3546 ahoe,
746 3491 1017 3554 quorum
1074 3471 1224 3535 libri
1246 3519 1263 3548 ‚
1310 3478 1648 3558 postquam
1692 3475 1762 3538 in
1813 3473 2175 3540 scholarum
2224 3496 2407 3539 unum
2455 3495 2608 3541 ‹aon-

223 3579 419 3644 tracti
488 3580 554 3641 et
620 3578 901 3660 excerpti
968 3582 1211 3661 essent,
1288 3581 1561 3663 neglecti
1616 3581 1928 3646 iacuerint
1987 3587 2054 3646 et
2113 3579 2368 3646 tandem
2419 3579 2610 3666 plana

224 3685 551 3768 perierint.
600 3680 992 3766 Quicumque
1052 3685 1223 3746 enim
1286 3687 1353 3747 et
1394 3683 1631 3749 librum
1677 3688 1756 3750 de
1803 3685 1954 3750 viris
1995 3685 2350 3752 illustribus
2409 3691 2474 3754 et
2529 3687 2605 3756 li-

225 3791 416 3854 brum
463 3787 893 3852 memorialem
930 3789 1274 3873 perlegerit
1290 3837 1307 3866 ‚
1354 3789 1626 3857 libenter
1667 3789 1860 3856 faciet
1905 3811 2050 3856 cum
2097 3791 2176 3858 iis
2201 3791 2249 3874 Ι)
2274 3841 2290 3874 ,
2340 3795 2450 3882 qui
2492 3793 2608 3862 hon

226 3895 427 3959 libros
472 3899 554 3959 ad
598 3895 957 3959 scholarum
1008 3918 1191 3959 usum
1237 3897 1634 3982 conscriptos
1679 3919 1814 3964 esse
1866 3899 2283 3966 contendunt.

318 4001 542 4086 Neque
602 4001 849 4066 facilius
910 4007 1007 4066 est
1068 4002 1388 4086 inquirere
1448 3993 1519 4068 in
1576 4003 1792 4070 fontes
1811 4051 1828 4084 ‚
1893 4005 2124 4094 quibus
2171 4005 2278 4074 ille
2322 4007 2603 4076 l'nemlo-

227 4107 506 4172 Victoris
566 4112 630 4172 et
688 4108 971 4190 Ampelii
1032 4113 1253 4174 auctor
1312 4133 1461 4176 usus
1522 4115 1636 4179 est.
1699 4111 1991 4180 Vidimus
2055 4135 2183 4180 non
2249 4113 2604 4184 (mimulam

296 4361 355 4440 3)
397 4357 474 4412 cf.
526 4357 727 4429 Meyer.
764 4356 1057 4411 Zimmerm.
1094 4357 1343 4414 Zeitschr.
1382 4359 1470 4414 fiir
1504 4359 1591 4416 die
1628 4359 2004 4418 Altcrtlmumw
2049 4361 2116 4418 ll,
2162 4363 2312 4418 mm»,
2357 4383 2408 4438 μ.
2457 4365 2608 4424 unu.

214 4444 548 4516 Bernhardy.
586 4443 730 4498 Hist.
766 4443 899 4498 Litt.
954 4445 1109 4499 Rom.
1148 4465 1199 4516 p.
1236 4447 1367 4502 715.
1406 4446 1531 4504 adn.
1576 4449 1698 4504 514,
1736 4447 2057 4506 (hiiscnlmn.
2101 4449 2240 4508 nint.
2286 4449 2420 4510 Phil,
2461 4453 2607 4514 (llum

214 4530 361 4602 apud
394 4531 655 4601 antiquos.
694 4529 795 4584 IV.
834 4531 859 4602 ᾖ
898 4531 1019 4586 293.
1054 4549 1107 4602 p.
1146 4533 1268 4589 440.
1310 4532 1715 4592 Hildeshoimer.
1751 4533 1824 4594 1.1.
1866 4554 1919 4611 p,
1942 4539 2030 4594 55.
