3184 5342
1396 447 1483 513 67

243 625 590 692 Collatiam
649 629 918 694 venisse.
982 630 1229 694 Deinde
1290 634 1462 716 apud
1522 631 1780 698 Livium
1839 634 2094 696 tantum
2155 633 2324 697 tradi
2373 633 2632 700 Sextum

248 734 580 819 >benigne
629 757 669 798 a
714 735 1013 800 Lucretia
1060 740 1394 822 exceptum
1440 760 1574 803 esse
1593 738 1654 815 ,”
1702 737 2301 804 Pseudo-Victorem
2341 745 2554 804 autem
2577 745 2641 804 et

248 839 554 905 Ovidium
623 842 810 926 (788)
874 864 1133 906 narrare
1201 843 1376 908 »iure
1414 843 1958 928 propinquitatis”
2015 843 2321 910 Collatini
2381 847 2638 911 domum

242 944 440 1010 Sexto
464 945 812 1029 Tarquinio
850 949 1150 1032 patuisse.
1197 948 1488 1033 Denique
1511 949 1984 1014 admonendum
2008 954 2104 1015 est
2128 973 2324 1015 unum
2348 952 2632 1016 Pseudo-

246 1050 572 1116 Victorem
636 1052 1032 1120 Collatinum
1094 1053 1423 1138 Tarquinii
1484 1053 1756 1139 Superbi
1811 1074 2025 1119 sorore
2085 1057 2370 1140 genitum
2425 1059 2630 1121 rettu-

246 1156 394 1220 lisse
416 1205 432 1236 ,
480 1178 624 1222 cum
670 1159 894 1224 Livius
939 1159 1004 1237 1,
1049 1159 1132 1224 57
1182 1181 1326 1224 eum
1370 1158 1590 1245 Egerii
1609 1207 1624 1238 ,
1665 1161 1777 1244 qui
1813 1159 2030 1224 fratris
2073 1147 2408 1245 Tarquinii
2430 1161 2632 1226 Prisci

246 1262 420 1327 filius
466 1266 605 1328 erat
618 1310 635 1341 ‚
683 1263 888 1329 filium
936 1265 1131 1330 fuisse
1174 1265 1531 1332 tradiderit.

342 1477 555 1562 Caput
621 1478 703 1545 X.
779 1479 936 1544 Fere
1004 1482 1145 1545 tota
1212 1479 1349 1545 vita
1417 1501 1563 1544 cum
1625 1479 1736 1563 iis,
1779 1501 1965 1566 „quae
2020 1449 2242 1546 Livius
2303 1482 2382 1546 de
2444 1483 2633 1550 Iunio

246 1583 453 1648 Bruto
513 1585 785 1651 tradidit
804 1633 822 1664 ‚
891 1586 1213 1670 congruit.
1291 1585 1513 1651 Livius
1575 1586 1654 1650 de
1714 1586 1951 1668 causis,
2017 1607 2130 1651 cur
2191 1586 2378 1652 Bruti
2438 1587 2636 1654 frater

251 1690 494 1755 occisus
562 1692 679 1768 sit,
750 1712 884 1755 non
948 1692 1119 1775 egit3
1191 1695 1410 1756 narrat
1479 1695 1734 1756 tantum
1780 1690 2117 1769 ›Brutum,
2169 1713 2314 1756 cum
2360 1691 2624 1757 fratrem

250 1797 423 1860 inter
483 1798 795 1881 primores
859 1797 1135 1861 civitatis
1194 1797 1602 1862 interfectum
1666 1819 1798 1862 esse
1859 1798 2204 1862 audivisset
2221 1845 2236 1874 ‚
2302 1820 2506 1882 neque
2559 1799 2632 1863 in

252 1903 471 1968 animo
534 1924 649 1967 suo
711 1903 1043 1988 quicquam
1090 1905 1226 1989 regi
1270 1904 1625 1968 timendum
1674 1925 1880 1988 neque
1923 1905 1995 1968 in
2034 1903 2294 1969 fortuna
2330 1906 2634 1990 concupi-

252 2009 561 2073 scendum
624 2009 972 2093 relinquere
1029 2009 1370 2074 statuisse”
1434 2003 1519 2091 (I,
1586 2009 1674 2073 56
1695 2055 1712 2085 ‚
1764 2010 1850 2094 7).
1897 2009 1996 2074 Ex
2059 2010 2158 2074 his
2219 2011 2426 2076 verbis
2483 2012 2638 2076 satis

258 2119 527 2198 apparet
570 2115 734 2199 apud
780 2114 948 2180 Livii
993 2120 1319 2181 auctorem
1366 2114 1552 2180 Bruti
1599 2113 1861 2178 fratrem
1900 2120 2161 2199 propter
2197 2117 2446 2180 easdem
2486 2139 2638 2182 cau-

252 2241 359 2283 sas
376 2266 391 2297 ,
458 2221 709 2285 divitias
768 2225 836 2286 et
895 2222 1303 2307 prudentiam
1324 2268 1341 2299 ‚
1404 2243 1565 2305 quas
1627 2221 2139 2286 Pseudo-Victor
2185 2223 2522 2286 tradiderit
2539 2270 2555 2298 ‚
2605 2243 2644 2288 a

252 2327 603 2410 Tarquinio
666 2327 952 2412 Superbo
1013 2329 1289 2393 occisum
1352 2349 1509 2394 esse.
1558 2327 1747 2392 Unus
1791 2326 2296 2392 Pseudo-Victor
2342 2328 2638 2393 baculum

249 2435 352 2498 cui
410 2456 640 2498 aurum
703 2433 989 2498 infusum
1051 2433 1209 2511 fuit,
1270 2436 1443 2519 quod
1505 2433 1748 2498 Brutus
1803 2431 2094 2516 Apollini
2149 2433 2390 2499 donum
2454 2433 2606 2498 tulit
2624 2481 2640 2511 ‚

247 2540 662 2604 sambuceum
726 2539 919 2604 fuisse
980 2539 1181 2603 tradit
1198 2586 1213 2617 ‚
1275 2541 1448 2624 apud
1510 2539 1762 2604 Livium
1827 2559 2128 2603 corneum
2189 2543 2286 2604 est
2325 2538 2398 2625 1).
2468 2539 2640 2615 Quae

245 2646 681 2731 discrepantia
728 2667 767 2709 a
804 2632 1259 2710 Rosenhauero
1296 2645 1340 2709 1.
1378 2645 1423 2708 l.
1460 2667 1523 2729 p.
1568 2647 1652 2710 38
1695 2644 1863 2709 tanti
1901 2644 2311 2724 aestimatur,
2350 2648 2425 2708 ut
2460 2666 2640 2730 pror·

248 2775 354 2818 sus
416 2757 612 2835 neget
674 2751 847 2815 Livii
887 2750 1136 2815 fontem
1180 2750 1250 2814 in
1298 2751 1375 2816 iis
1393 2799 1409 2825 ,
1461 2771 1625 2835 quae
1664 2750 2176 2817 Pseudo-Victor
2219 2752 2297 2818 de
2339 2751 2641 2818 iuvenum

244 2857 535 2943 Delphos
594 2857 829 2921 itinere
879 2856 1231 2934 rettulerit.
1287 2857 1647 2923 adhibitum
1703 2880 1855 2925 esse.
1920 2857 2016 2923 De
2055 2857 2242 2923 Bruti
2280 2864 2426 2940 post
2466 2882 2638 2925 mor-

246 2968 385 3028 tem
431 2964 779 3029 honoribus
825 2962 1045 3029 Livius
1093 2962 1195 3047 11,
1250 2965 1318 3040 7,
1370 2965 1413 3028 4
1459 2967 1680 3027 narrat
1717 2962 2046 3028 Valerium
2083 2964 2408 3048 >collegae
2445 2965 2638 3030 funus

255 3072 501 3152 quanto
546 3073 682 3132 tum
726 3069 1014 3154 potuerit
1059 3073 1373 3153 apparatu
1420 3069 1638 3133 fecisse
1652 3116 1668 3145 ,
1720 3056 2044 3133 matronas
2083 3090 2325 3131 annum
2365 3067 2638 3132 Brutum

259 3173 566 3250 luxisse’';
634 3176 710 3240 de
766 3175 1007 3242 Valerii
1068 3178 1356 3241 oratione
1401 3175 1656 3240 funebri
1702 3197 1836 3240 non
1877 3176 2042 3256 egit,
2092 3177 2170 3240 de
2215 3195 2343 3258 qua
2388 3178 2639 3258 praeter

256 3279 864 3348 Pseudo-Victorem
925 3281 1115 3347 Dion.
1182 3283 1331 3347 Hal.
1401 3282 1495 3360 V,
1565 3283 1646 3348 17
1695 3286 1762 3348 et
1806 3283 1982 3347 Plut.
2032 3280 2219 3345 Publ.
2275 3279 2315 3345 9
2365 3280 2641 3346 mentio-

252 3407 405 3450 nem
450 3385 757 3453 fecerunt.

343 3601 558 3688 Caput
607 3602 720 3669 XI.
762 3601 924 3667 Cum
964 3603 1223 3669 Coclitis
1263 3603 1511 3666 facinus
1547 3605 1628 3667 ab
1655 3604 1954 3668 omnibus
1976 3602 2389 3687 scriptoribus
2413 3602 2631 3667 eodem

250 3708 383 3773 fere
443 3711 634 3773 modo
694 3712 988 3774 narretur
1008 3757 1025 3787 ‚
1083 3727 1323 3793 paucae
1382 3711 1600 3770 tamen
1661 3729 1760 3770 res
1821 3728 2052 3792 eaeque
2098 3707 2280 3790 parvi
2327 3709 2635 3773 momenti

249 3818 437 3891 sunt,
485 3815 598 3879 ubi
642 3815 983 3901 scriptores
1022 3816 1093 3878 in
1139 3813 1262 3878 hac
1308 3803 1673 3878 narratione
1716 3812 1890 3876 inter
1933 3835 1998 3877 se
2038 3814 2420 3898 discrepant.
2462 3812 2635 3888 Quae

246 3942 352 3985 res
416 3925 632 3985 tamen
695 3923 867 4006 apud
928 3919 1537 3986 Pseudo-Victorem
1583 3918 1778 4004 plane
1821 3918 2260 3984 desiderantur
2280 3967 2296 3998 ‚
2344 3942 2470 4005 quo
2519 3920 2631 4004 fit,

250 4029 327 4089 ut
375 4026 814 4092 difficillimum
860 4027 944 4092 sit
989 4027 1334 4092 diiudicatu
1380 4049 1569 4112 quem
1618 4029 1940 4092 auctorem
1989 4031 2240 4092 secutus
2287 4027 2392 4094 sit.
2437 4027 2494 4091 E
2533 4027 2636 4092 Li-

251 4130 357 4195 vio
418 4153 547 4196 non
610 4135 883 4216 pendet,
945 4133 1097 4216 quia
1142 4133 1313 4218 apud
1358 4132 1617 4198 Livium
1663 4155 1797 4199 non
1845 4133 2119 4208 traditur
2137 4181 2152 4212 ,
2202 4154 2314 4198 cur
2361 4132 2636 4197 Horatio

247 4233 469 4303 Cocles
530 4259 893 4322 cognomen
950 4238 1224 4303 inditum
1270 4238 1384 4316 sit3
1432 4238 1661 4302 deinde
1708 4240 1878 4323 apud
1925 4239 2179 4304 Livium
2222 4238 2475 4302 Horatii
2510 4236 2636 4304 Go-

320 4466 377 4534 1)
414 4465 525 4520 Alii
569 4465 883 4539 scriptores,
931 4465 1049 4520 Val.
1099 4465 1246 4522 Max.
1295 4464 1439 4535 VII,
1488 4467 1551 4535 3,
1588 4467 1654 4532 2,
1697 4465 1857 4523 Dion.
1895 4465 2018 4523 Hal.
2053 4465 2155 4535 IV,
2196 4467 2293 4535 69,
2329 4466 2454 4524 Zon.
2493 4467 2637 4540 VII,

243 4553 335 4606 11.
371 4571 427 4624 p.
464 4554 587 4620 332,
626 4553 670 4606 C
707 4553 775 4608 de
812 4552 1001 4609 baculo
1035 4552 1209 4625 ligneo
1248 4557 1458 4610 tantum
1493 4557 1731 4627 egerunt.
