3184 5342
1395 423 1475 490 17

240 611 336 674 est
380 610 755 693 propterea,
804 608 1012 690 quod,
1061 607 1115 670 si
1161 606 1439 671 Pseudo·
1454 607 1760 672 Victorem
1799 629 1943 672 cum
1966 607 2216 673 Pisonis
2238 608 2618 692 fragmentis

240 737 709 812 comparamus,
781 714 985 776 multa
1043 713 1399 777 invenimus
1422 763 1439 796 ‚
1508 736 1672 797 quae
1734 717 1904 798 apud
1966 717 2308 798 utrumque
2373 715 2620 780 diversa

242 823 600 897 narrantur,
668 819 845 885 velut
911 841 1018 896 ea,
1088 839 1250 902 quae
1310 805 1654 883 traduntur
1719 821 1796 884 de
1859 820 2132 904 Tarpeia
2193 821 2298 905 (de
2365 821 2480 884 vir.
2527 821 2623 885 ill.

244 928 305 1004 2,
360 927 419 991 5.
496 928 555 992 6.
610 964 688 974 -
742 925 923 990 Piso
960 923 1189 1008 fragm.
1243 925 1281 988 5
1312 923 1462 1004 l)==
1487 925 1676 992 Dion.
1747 925 1896 990 Hal.
1967 926 2053 1004 II,
2127 927 2234 1004 38,
2298 927 2477 1012 seq.),
2546 930 2626 991 (16

241 1033 573 1117 Tarquinii
640 1031 913 1116 Superbi
954 1051 1208 1115 ,genere
1283 1033 1385 1118 (de
1449 1033 1564 1097 vir.
1635 1032 1727 1096 ill.
1797 1033 1857 1116 7,
1914 1033 2016 1099 15.
2071 1070 2154 1082 —-
2203 1032 2349 1097 Piso
2396 1033 2625 1117 fragm.

246 1140 328 1204 15
355 1167 435 1190 =
463 1138 655 1203 Dion.
716 1138 865 1203 Hal.
930 1137 1040 1214 IV,
1114 1138 1201 1218 7),
1270 1140 1347 1202 de
1408 1137 1638 1222 Spurio
1699 1138 1930 1204 Maelio
1977 1139 2312 1203 interfecto
2361 1141 2462 1225 (de
2507 1140 2623 1205 vir.

238 1247 328 1311 ill.
382 1246 486 1328 17,
540 1245 601 1309 5.
655 1245 913 1309 -Piso
960 1244 1188 1326 fragm.
1240 1243 1643 1310 24=Dion.
1694 1244 1847 1309 Hal.
1894 1244 2043 1322 XII,
2094 1247 2177 1325 4).
2228 1245 2626 1329 Quamquam

241 1352 493 1417 Pisonis
530 1351 797 1436 vestigia
830 1351 999 1435 apud
1020 1335 1644 1416 *Pseudo-Victorem
1683 1351 1920 1436 passim
1953 1352 2251 1430 inveniri,
2279 1355 2354 1416 ut
2374 1352 2623 1417 Roseu-

243 1458 517 1522 haucrus
542 1458 596 1541 2)
642 1456 942 1534 ostendit,
989 1455 1265 1520 libenter
1313 1476 1432 1539 ego
1479 1459 1778 1523 concedO.
2104 1447 2112 1455 ’

335 1565 414 1630 G.
464 1563 833 1630 Soltavii
878 1562 1112 1634 iudicio
1160 1562 1265 1646 (de
1309 1560 1474 1628 font.
1522 1562 1695 1627 Plut.
1745 1563 1813 1626 in
1857 1563 1925 1627 II
1964 1563 2132 1628 bello
2171 1563 2416 1628 Punico
2439 1585 2625 1628 enar-

242 1671 445 1735 rando
490 1693 553 1754 p.
611 1670 763 1754 102)
809 1690 1015 1753 pauca
1059 1667 1271 1752 capita
1319 1667 1933 1741 Pseudo-Victorem
1982 1691 2016 1733 6
2056 1668 2254 1735 006111
2292 1668 2623 1753 Antipatri

242 1775 675 1842 voluminibus
722 1774 1102 1857 excerpsisse
1150 1794 1224 1838 60
1271 1773 1403 1837 veri
1448 1772 1653 1838 simile
1702 1777 1800 1838 est
1821 1821 1836 1852 ,
1884 1774 2056 1858 quod
2094 1759 2162 1838 in
2186 1773 2263 1848 Q.
2288 1772 2471 1837 Fabii
2496 1773 2630 1836 vita

242 1881 711 1949 conscribenda
762 1883 981 1945 eodem
1044 1879 1223 1943 fonte
1285 1901 1434 1944 usus
1495 1901 1632 1944 6336
1693 1880 1985 1944 videatur
2029 1900 2157 1964 quo
2207 1879 2624 1956 PlutarchuS,

242 2011 430 2076 quem
480 1986 766 2054 Coelium
811 1986 1228 2070 Antipatrum
1275 2007 1391 2070 pro
1439 1986 1726 2070 principe
1771 1987 1948 2050 fonte
1990 1988 2060 2051 in
2106 1986 2225 2051 hac
2272 1987 2406 2050 vita
2445 1985 2628 2050 adhi-

241 2097 453 2161 buisse
476 2095 807 2160 ostendere
830 2091 1151 2158 Soitavius
1174 2095 1441 2156 conatus
1466 2095 1563 2156 cst
1585 2093 1676 2178 (p.
1707 2094 1811 2171 70,
1837 2095 2015 2181 seq.).
2064 2092 2385 2178 Quidquid
2408 2091 2530 2156 hac
2553 2093 2630 2156 (16

244 2224 313 2266 re
352 2201 763 2267 statuendum
803 2204 931 2277 est,
960 2201 1437 2262 admonendum
1462 2219 1607 2263 cum
1633 2198 2136 2265 Hildesheimero
2166 2201 2253 2286 (p.
2283 2200 2350 2284 8)
2381 2200 2630 2265 videtur

247 2329 381 2373 non
405 2308 653 2392 omnia,
681 2327 845 2390 quae
869 2307 945 2370 de
969 2305 1150 2370 bellis
1174 2293 1433 2370 Punicis
1458 2305 1966 2372 Pseudo-Victor
1989 2307 2256 2371 tradidit
2278 2352 2294 2384 ,
2321 2328 2354 2369 e
2380 2302 2629 2370 Coelia-

248 2415 350 2478 nis
389 2412 727 2477 annalibus
774 2413 1105 2494 desumpta
1152 2433 1283 2476 esse
1332 2409 1459 2496 (Of.
1497 2413 1574 2476 de
1624 2412 1734 2476 vir.
1779 2413 1870 2477 ill.
1900 2415 2008 2491 49,
2036 2415 2112 2478 4:
2138 2412 2371 2477 Decem
2397 2415 2462 2476 et
2486 2415 2630 2477 octo

187 2600 195 2605 -
250 2541 566 2585 annorum
611 2521 853 2602 patrem
901 2519 1073 2600 apud
1116 2515 1409 2581 Ticinum
1456 2518 1768 2602 singulari
1816 2519 2052 2584 virtute
2091 2519 2368 2584 servavit
2393 2518 2630 2604 (Scipio
2685 2517 2696 2528 ’

244 2625 635 2707 Africanus).
689 2661 769 2670 --
820 2619 991 2687 Coel.
1032 2620 1189 2685 Ant.
1231 2621 1458 2706 fragm.
1493 2624 1574 2687 17
1601 2651 1681 2674 =
1705 2625 1841 2691 Liv.
1867 2624 2071 2703 XXI,
2094 2626 2202 2708 46,
2238 2626 2316 2688 10
2340 2645 2356 2688 t
2383 2623 2630 2690 Servati

246 2730 527 2794 consulis
595 2732 785 2793 decus
854 2724 1106 2792 Coelius
1176 2731 1255 2792 ad
1326 2750 1575 2793 servum
1650 2731 1911 2795 natione
1974 2729 2273 2814 Ligurem
2337 2731 2628 2816 delegat3

248 2835 465 2899 malim
527 2835 815 2919 equidem
877 2837 955 2898 (16
1016 2834 1150 2898 filio
1212 2856 1431 2899 verum
1492 2857 1625 2900 esse
1643 2883 1659 2913 ,
1725 2837 1896 2919 quod
1943 2839 2008 2900 et
2051 2837 2266 2920 plures
2311 2837 2628 2901 tradidere

246 2945 536 3023 auctores
574 2944 639 3007 et
675 2942 849 3006 fama
886 2941 1234 3027 obtinuit).
1289 2940 1383 3005 De
1422 2941 1689 3008 Soltavii
1729 2944 2044 3008 sententia
2079 2945 2370 3028 pluribus
2414 2944 2633 3027 dispu-

247 3046 429 3112 tandi
475 3048 660 3112 nobis
707 3048 890 3132 copia
937 3048 1087 3131 erit,
1141 3047 1251 3111 ubi
1298 3048 1375 3112 (16
1425 3046 1497 3122 Q.
1549 3047 1732 3113 Fabii
1781 3051 1913 3115 vita
1959 3071 2241 3134 agemus.

337 3154 435 3218 De
480 3153 861 3219 coniecturis
905 3152 980 3216 Ε.
1031 3151 1312 3218 Woelf
1323 3153 1356 3216 f
1367 3154 1531 3218 lini
1578 3154 1700 3240 (De
1740 3156 1920 3222 Lucii
1957 3156 2148 3241 Amp.
2189 3158 2334 3226 libr.
2373 3179 2632 3222 memor.

244 3263 487 3345 quaest.
560 3260 698 3324 crit.
750 3263 813 3324 et
859 3259 1006 3323 hist.
1057 3275 1119 3342 Ρ.
1174 3258 1302 3337 35),
1344 3260 1453 3344 qui
1502 3260 2113 3327 Pseudo-Victorem
2161 3267 2226 3328 et
2269 3263 2632 3349 Ampelium

243 3365 583 3450 Hyginum
630 3369 879 3430 secutos
918 3387 1049 3430 esse
1089 3368 1307 3449 putat,
1353 3365 1425 3432 L.
1466 3366 1922 3453 Spengelii
1963 3368 2132 3454 (Act.
2181 3373 2357 3434 acad.
2383 3370 2635 3434 Monac.

244 3470 562 3537 XXXVI.
609 3471 803 3536 1863.
846 3493 909 3556 Ρ.
955 3471 1107 3564 346)
1146 3475 1212 3536 et
1252 3469 1322 3538 O.
1372 3471 1682 3557 Heynii
1731 3473 1854 3560 (De
1896 3474 2084 3540 Floro
2110 3475 2278 3542 Hist.
2301 3499 2366 3560 p.
2397 3478 2498 3559 6),
2525 3476 2635 3560 qui

244 3577 857 3643 Pseudo-Victorem
908 3583 1156 3663 praeter
1201 3579 1358 3642 alios
1407 3579 1728 3645 uberiores
1762 3581 1976 3645 fontes
2014 3581 2275 3645 Florum
2301 3603 2633 3666 usurpasse

246 3684 515 3767 probare
560 3686 972 3766 studuerunt,
1023 3684 1193 3747 infra
1216 3731 1233 3762 ,
1279 3685 1432 3768 quid
1480 3687 1889 3751 statuendum
1941 3687 2025 3752 sit
2043 3735 2059 3765 ,
2117 3709 2524 3771 exponemus.

319 3933 377 4002 1)
416 3932 577 4003 Apud
612 3931 684 3987 H.
724 3933 991 3988 Poteram.
1030 3933 1175 3988 Hist.
1221 3935 1373 3989 Rom.
1411 3935 1599 4006 fragm.

321 4019 379 4089 2)
414 4017 488 4074 11.
522 4038 575 4090 p.
612 4021 711 4089 40,
747 4037 857 4090 seq.
