3184 5342
1374 411 1456 475 37

217 617 361 660 eum
423 597 784 679 auctorem,
847 615 1035 679 quem
1097 593 1611 659 Pseudo-Victor
1650 597 1716 658 et
1762 592 2096 681 Ampelius
2141 597 2570 680 excerpserint
2589 645 2606 676 ‚

215 700 425 786 elogia
460 704 526 765 et
563 699 824 765 Florum
854 702 903 778 ¹)
943 721 1277 784 usurpasse
1317 699 1610 764 affirmat.
1652 698 1848 784 Spero
1891 721 1990 764 me
2029 721 2221 784 supra
2261 707 2420 786 (cap.
2447 701 2515 768 II
2539 707 2604 769 et
2739 725 2752 738 ·

215 807 307 893 V)
372 808 524 872 satis
568 807 921 872 luculenter
967 806 1317 871 ostendisse
1364 807 1533 870 hanc
1580 806 1966 877 sententiam
2014 806 2395 871 reiciendam
2446 831 2601 874 esse.

215 912 827 978 Pseudo-Victorem
895 916 1219 996 praeterea
1298 934 1332 976 e
1406 911 1573 976 Livii
1635 912 1945 995 epitome,
2018 935 2095 976 ex
2125 939 2130 944 ·
2167 914 2600 998 exemplorum

212 1017 377 1082 libro
440 1021 752 1102 quodam,
816 1039 851 1082 e
893 1018 1059 1082 libro
1107 1018 1184 1081 de
1230 1017 1724 1102 cognominibus
1772 1021 1836 1082 et
1884 1041 1918 1082 e
1967 1018 2282 1085 Frontino
2330 1022 2604 1105 pendere

213 1124 503 1189 coniecit.
553 1123 644 1188 At
691 1121 1304 1188 Pseudo-Victorem
1351 1146 1385 1188 e
1431 1123 1599 1188 Livii
1645 1125 1922 1209 epitome
1966 1124 2251 1190 hausisse
2298 1147 2430 1191 non
2468 1127 2606 1192 veri

212 1231 419 1295 simile
485 1252 616 1295 esse
686 1232 1020 1315 putamuS,
1091 1230 1264 1314 quod
1335 1233 1506 1314 apud
1567 1230 1752 1298 illum
1813 1253 1948 1296 non
2012 1232 2179 1297 Livii
2244 1232 2444 1317 ipsius
2490 1236 2600 1298 sed

212 1337 564 1401 eorundem
608 1336 883 1400 fontium
902 1383 917 1414 ,
965 1335 1193 1420 quibus
1240 1335 1459 1400 Livius
1512 1359 1658 1400 usus
1680 1341 1777 1401 est
1798 1385 1815 1416 ‚
1852 1338 2124 1423 vestigia
2159 1338 2600 1418 inveniuntur,

212 1443 307 1518 id,
389 1443 558 1526 quod
626 1441 796 1507 infra
864 1443 1194 1506 ostendere
1266 1442 1661 1507 conabimur.
1710 1441 1894 1518 Quod
1946 1443 2112 1508 nulli
2162 1445 2597 1529 exemplorum

212 1549 362 1624 libri
431 1569 637 1632 neque
698 1548 775 1612 de
836 1548 1327 1632 cognominibus
1392 1549 1630 1633 scripta
1649 1596 1664 1627 ,
1725 1571 1758 1613 e
1804 1549 2038 1634 quibus
2082 1549 2600 1614 Pseudo-Victor

212 1655 494 1718 hausisse
546 1656 831 1737 poterat,
883 1654 1069 1718 nobis
1109 1659 1454 1738 supersunt
1499 1676 1704 1739 neque
1742 1652 2116 1740 'fragmenta
2164 1676 2240 1719 ex
2285 1656 2363 1720 iis
2412 1656 2592 1720 libris
2667 1693 2670 1697 ·

209 1760 433 1824 relicta
493 1760 737 1844 aliquid
797 1755 1075 1824 afferunt
1137 1763 1220 1824 ad
1282 1782 1658 1826 consensum
1701 1744 2282 1826 ¹Pseudo-Victoris
2329 1783 2475 1826 cum
2521 1762 2600 1826 iis

209 1865 463 1950 scriptis
528 1869 939 1930 statuendum
1004 1887 1209 1951 neque
1272 1867 1539 1950 probare
1601 1889 1806 1952 neque
1850 1868 2228 1952 redarguere
2273 1866 2603 1931 Enmanni

208 1973 653 2061 coniecturam>
688 1993 1043 2055 possumus.
1092 1971 1315 2056 Neque
1362 1973 1421 2037 ei
1465 1974 1872 2038 concedimus
1912 1977 2368 2058 strategemata
2408 1995 2598 2058 quae-

208 2082 359 2142 dam
379 2126 395 2155 ,
435 2099 599 2161 quae
623 2081 794 2162 apud
820 2077 1433 2144 Pseudo-Victorem
1455 2079 1896 2159 inveniuntur,
1922 2102 1956 2145 e
1978 2079 2295 2146 Frontino
2317 2081 2595 2146 fluxisse.

210 2183 381 2248 Nam
431 2206 572 2247 cum
616 2185 789 2248 locos
810 2231 825 2261 ‚
874 2205 1033 2268 quos
1073 2184 1454 2249 Eumannus
1490 2185 1778 2250 laudavit
1796 2234 1811 2265 ,
1853 2186 2203 2252 accuratius
2241 2187 2596 2271 perpende-

210 2288 444 2366 rimus,
496 2289 848 2353 videbimus
895 2290 1027 2353 veri
1073 2289 1277 2354 simile
1324 2312 1455 2355 esse
1492 2295 1838 2370 auctorem,
1868 2313 2056 2376 quem
2080 2291 2598 2356 Pseudo-Victor

213 2397 467 2457 secutus
534 2395 649 2479 sit,
720 2396 937 2460 eodem
1011 2396 1193 2460 fonte
1214 2443 1229 2474 ,
1291 2418 1420 2482 quo
1487 2396 1870 2462 Frontinum
1889 2445 1904 2476 ,
1968 2419 2155 2462 usum
2228 2419 2361 2462 esse
2383 2445 2398 2476 ,
2462 2418 2597 2461 non

211 2499 424 2583 ipsum
471 2521 505 2562 e
572 2499 877 2565 Frontino
924 2501 1219 2586 pendere.

386 2604 605 2669 Front.
655 2605 849 2671 Strat.
900 2607 970 2684 I,
1026 2612 1085 2691 1,
1140 2608 1199 2671 1.
1705 2613 1783 2674 de
1824 2609 1942 2676 vir.
1987 2610 2079 2674 ill.
2131 2610 2234 2688 47,
2291 2611 2351 2674 2.

304 2710 460 2774 Cato
502 2712 780 2776 devictas
803 2713 886 2776 ab
910 2735 975 2776 se
998 2712 1350 2798 Hispaniae
1554 2713 1714 2781 Oato
1787 2716 2010 2781 consul
2070 2714 2421 2782 Celtiberos
2480 2718 2595 2782 do-

212 2816 499 2881 civitates
541 2817 953 2883 existimabat
972 2819 1043 2882 in
1068 2822 1354 2904 tempore
1464 2823 1629 2886 muit
1665 2826 1732 2886 et
1768 2846 1847 2888 ne
1886 2823 2296 2889 rebellare
2333 2829 2599 2908 possent

209 2922 787 2988 rebellaturas
848 2924 1078 2990 fiducia
1137 2947 1352 2991 muro·
1468 2927 1820 2992 litteras
1861 2929 1956 2992 ad
1997 2929 2402 2994 civitates
2439 2931 2596 2995 sin-

208 3049 375 3090 rum.
409 3027 784 3113 Scripsit
822 3032 1038 3116 itaque
1064 3033 1348 3117 singu·
1463 3033 1711 3116 gulas
1773 3034 2040 3112 misit,
2103 3037 2176 3099 ut
2221 3056 2437 3100 muros
2485 3036 2597 3100 di-

209 3133 341 3207 lis,
372 3134 1347 3204 utdiruerentmunimenta
1462 3143 1833 3204 ruerent.
1928 3139 2096 3205 Cum·
2182 3162 2598 3225 unaquae-

214 3287 229 3304 .
251 3288 266 3303 .
292 3285 307 3300 .
332 3261 862 3326 unaquaeque
903 3243 1153 3307 urbium
1186 3244 1352 3308 sibi
1467 3267 1569 3329 qu
1591 3267 1627 3310 e
1713 3245 1882 3310 sibi
1956 3246 2120 3310 soli
2185 3247 2402 3332 impe
2425 3248 2600 3312 rari

212 3344 376 3408 soli
415 3347 788 3412 credidit
816 3349 1342 3433 imperatum.
1460 3354 1846 3438 putaret,
1897 3351 2205 3418 fecerunt.

302 3448 370 3514 Si
416 3448 765 3517 Frontinus
813 3454 889 3518 de
929 3452 1424 3535 Celtiberis,
1471 3456 1986 3523 Pseudo-Victor
2024 3459 2100 3524 de
2124 3458 2597 3545 Hispaniae

208 3555 715 3622 civitatibus
764 3560 1029 3645 egisset,
1077 3560 1215 3625 fieri
1259 3562 1473 3646 potuit
1519 3567 1591 3628 ut
1637 3562 2148 3629 Pseudo-Victor
2196 3587 2230 3628 e
2279 3564 2595 3630 Frontino

207 3662 531 3744 penderet.
597 3662 791 3729 Nunc
822 3670 1137 3750 praestat
1197 3670 1424 3751 putare
1477 3667 2043 3734 Pseudo-Victoris
2089 3691 2234 3733 cum
2281 3669 2592 3736 Frontino

211 3788 588 3834 consensum
660 3791 738 3836 ex
807 3794 926 3836 usu
997 3773 1276 3837 eiusdem
1345 3772 1543 3837 fontis
1624 3777 1835 3838 ortum
1906 3797 2072 3854 esse,
2150 3776 2260 3840 ubi
2323 3776 2594 3842 fortasse

210 3875 451 3938 mentio
492 3875 659 3940 facta
705 3881 802 3942 est
848 3878 925 3943 de
973 3871 1326 3958 Celtiberis,
1375 3878 1728 3964 Hispaniae
1774 3884 1988 3965 gente.

415 3979 635 4046 Front.
684 3984 798 4047 1.1.
849 3985 913 4063 Ι,
967 3987 1038 4064 1,
1088 3987 1189 4051 12.
1705 3990 1783 4052 de
1829 3987 1945 4051 vir.
1992 3987 2084 4052 ill.
2137 3991 2258 4068 61,
2305 3989 2365 4054 5.

302 4085 599 4151 Metellus
676 4089 829 4154 Pius
889 4091 960 4154 in
1030 4091 1348 4176 Hispania
1557 4093 1853 4158 Metellus
1901 4093 2351 4160 Macedonicus
2390 4096 2594 4160 amico

205 4190 634 4276 interrogatus
655 4241 670 4272 ,
736 4196 889 4280 quid
934 4201 1189 4283 postera
1236 4200 1338 4264 die
1454 4199 1704 4263 cuidam
1726 4247 1741 4277 ‚
1835 4200 1986 4285 quid
2081 4205 2337 4266 acturus
2435 4205 2600 4266 esset

202 4297 491 4361 facturus
539 4290 734 4379 esset,
786 4304 1160 4368 tunicam
1203 4327 1347 4370 me·
1461 4305 1756 4389 roganti,
1806 4307 2217 4384 tunicam,
2268 4306 2591 4390 inquit,

278 4534 333 4601 l)
378 4533 685 4588 Eumannus
721 4534 1126 4591 Hildesheimeri
1163 4535 1231 4591 de
1267 4536 1427 4598 Floro
1463 4535 1720 4591 iudicium
1757 4535 1966 4606 probat.
