3184 5342
1735 397 1774 459 6

552 575 1193 652 Pseudo-Victorem,
1236 575 1425 639 etiam
1469 576 1537 638 in
1584 575 1697 652 iis,
1737 597 1900 659 quae
1941 576 2011 639 in
2057 576 2263 660 elogio
2315 599 2444 640 non
2491 577 2952 658 inveniantur,

551 703 697 747 cum
759 680 1100 745 Plutarcho
1164 701 1512 764 congruere
1530 731 1546 763 ,
1616 683 1766 765 »qui
1822 683 1892 746 iu
1953 681 2025 757 Q.
2089 681 2273 747 Fabii
2331 682 2462 746 vita
2524 683 2952 750 describenda

550 808 807 872 prorsus
868 789 1089 851 eodem
1152 809 1225 851 ac
1288 786 1522 852 Noster
1588 788 1810 852 ordine
1854 810 1955 852 res
2001 792 2283 872 exponat
2329 791 2394 852 et
2439 789 2657 854 omnia
2702 790 2816 855 illa
2861 795 2955 856 ad

548 895 829 978 elogium
877 893 1311 956 additamenta
1358 915 1493 957 non
1542 894 1730 957 modo
1776 898 1990 958 tradat
2036 915 2255 959 verum
2306 895 2496 959 etiam
2545 896 2768 961 eodem
2815 919 2953 981 quo

547 1000 657 1065 ille
704 1001 841 1064 loco
890 1001 1110 1063 tradat
1137 996 1255 1086 ¹).”
1322 998 1511 1064 Unde
1548 998 2038 1064 Hildesheimeri
2076 999 2398 1065 sententia
2421 1002 2712 1085 sequitur
2733 1050 2748 1080 ‚
2791 1024 2952 1068 auc-

550 1109 754 1170 torem
773 1153 789 1182 ‚
858 1125 1046 1188 quem
1108 1103 1622 1169 Pseudo-Victor
1686 1108 1751 1168 et
1811 1104 2146 1188 Ampelius
2210 1106 2410 1170 secuti
2473 1106 2642 1182 sint,
2692 1129 2771 1172 ex
2817 1130 2953 1192 quo

550 1210 964 1276 Plutarchum
1021 1232 1276 1295 quoque
1332 1211 1403 1274 in
1443 1210 1628 1276 Fabii
1695 1211 1826 1275 vita
1873 1214 2150 1294 pendere
2197 1212 2330 1277 veri
2376 1212 2581 1277 simile
2638 1215 2756 1292 sit,
2807 1237 2951 1280 non

549 1317 755 1402 elogia
822 1339 938 1401 pro
1006 1317 1186 1382 fonte
1257 1315 1550 1381 habuisse
1572 1363 1589 1392 ‚
1651 1318 1759 1381 sed
1822 1338 1896 1381 ea
1915 1365 1930 1394 ‚
1996 1339 2159 1401 quae
2206 1321 2270 1382 et
2316 1317 2827 1384 Pseudo-Victor
2877 1325 2954 1384 et

549 1423 932 1488 Plutarchus
978 1427 1041 1487 et
1087 1423 1366 1506 elogium
1414 1426 1712 1506 tradant,
1762 1444 1839 1487 ex
1885 1444 1958 1488 eo
2009 1427 2270 1488 auctore
2319 1424 2563 1488 hausta.
2599 1430 2754 1491 esse.

641 1528 911 1593 Etiamsi
956 1528 1338 1593 Eumannus
1386 1528 1889 1593 Hildesheimero
1931 1529 2207 1594 libenter
2246 1530 2591 1594 assentitur
2630 1531 2838 1596 multa
2871 1533 2952 1598 in

550 1635 774 1719 elogiis
820 1657 951 1699 esse
972 1683 987 1712 ‚
1036 1657 1198 1718 quae
1244 1657 1387 1699 cum
1434 1635 1546 1712 iis,
1594 1656 1758 1718 quae
1805 1635 1976 1718 apud
2023 1634 2635 1700 Pseudo-Victorem
2682 1636 2942 1702 inveni-

550 1745 767 1820 untur,
811 1744 1177 1825 congruam:
1197 1789 1213 1818 ‚
1260 1744 1545 1805 attamen
1594 1763 1720 1805 non
1774 1740 2041 1823 probat,
2091 1763 2252 1824 quae
2300 1740 2409 1804 ille
2455 1741 2606 1806 inde
2654 1743 2940 1827 collegit.

547 1848 832 1912 Primum
874 1850 1070 1931 negat
1107 1847 1245 1911 fieri
1288 1847 1569 1930 potuisse
1608 1851 1682 1909 ut
1731 1847 1855 1911 duo
1905 1847 2327 1930 epitomarum
2387 1848 2726 1931 scriptores
2777 1850 2940 1934 (elo-

548 1955 798 2038 giorum
861 1956 1082 2018 auctor
1144 1956 1209 2017 et
1254 1951 1790 2035 Pseudo-Victor)
1844 1989 1924 2000 —
1974 1975 2125 2016 nam
2172 1953 2342 2017 infra
2388 1954 2742 2020 videbimus
2789 1978 2940 2021 eum

546 2063 772 2142 putare
817 2059 989 2122 hunc
1027 2058 1313 2124 libellum
1355 2079 1432 2122 ex
1453 2058 1709 2148 ‘maiore
1749 2058 1912 2122 libro
1938 2061 2307 2142 excerptum
2335 2080 2469 2124 esse
2497 2097 2580 2109 --
2609 2083 2686 2124 ex
2709 2062 2936 2126 iisdem

547 2165 696 2230 vitis
713 2213 729 2239 ‚
800 2165 1144 2248 quaeriue
1192 2164 1385 2229 dubio
1436 2163 1653 2228 multis
1700 2164 1908 2228 verbis
1957 2165 2351 2248 conscriptae
2397 2165 2635 2230 fuerint
2653 2214 2669 2244 ‚
2713 2169 2930 2232 eadem

544 2271 948 2335 desumerent
1008 2273 1074 2334 et
1131 2271 1201 2334 in
1264 2270 1384 2335 hac
1429 2291 1498 2334 re
1558 2270 1653 2333 ita
1708 2279 2008 2353 agerent,
2067 2273 2140 2333 ut
2179 2291 2312 2334 non
2360 2272 2564 2336 solum
2615 2294 2720 2348 ea,
2771 2296 2926 2356 quae

542 2377 895 2452 traderent,
927 2377 1035 2441 sed
1061 2377 1253 2441 etiam
1278 2375 1503 2460 verba,
1532 2375 1765 2459 quibus
1789 2376 2114 2440 traderent
2132 2423 2147 2453 ‚
2175 2379 2396 2441 eadem
2419 2381 2653 2442 essent.
2687 2379 2907 2444 Deinde

544 2483 825 2546 ostendit
896 2503 969 2546 ea
1036 2482 1163 2546 iam
1233 2481 1809 2546 Hildesheimerum
1876 2479 2128 2562 fallere,
2194 2504 2356 2564 quae
2419 2487 2500 2546 ad
2547 2484 2931 2548 sententiam

520 2588 939 2671 ‘probandam
990 2588 1295 2652 attulerit.
1346 2586 1515 2651 Nam
1560 2588 1630 2652 in
1676 2587 1811 2651 vita
1856 2584 2038 2649 Fabii
2069 2606 2198 2648 non
2227 2607 2301 2648 ea
2320 2632 2336 2660 ‚
2361 2608 2524 2668 quae
2548 2587 2942 2650 Plutarchus

546 2695 804 2776 narrat,
841 2694 1059 2757 eodem
1102 2695 1324 2757 ordine
1364 2695 1626 2756 narrata
1661 2713 1793 2756 esse
1831 2712 1958 2775 quo
1997 2693 2170 2774 apud
2193 2690 2474 2755 Pseudo·
2487 2689 2803 2754 Victorem
2832 2691 2946 2776 (de

547 2799 662 2863 vir.
711 2798 803 2865 ill.
849 2798 887 2861 5
912 2823 993 2848 =
1015 2798 1184 2864 Plut.
1240 2799 1360 2875 20,
1401 2799 1478 2861 de
1523 2798 1645 2864 vir.
1692 2797 1785 2861 ill.
1839 2798 1875 2862 7
1901 2822 1982 2849 =
2005 2796 2176 2860 Plut.
2209 2797 2292 2881 7).
2343 2796 2743 2860 Postremum
2768 2797 2944 2860 iudi·
3017 2823 3028 2832 ·

550 2909 654 2969 cat
694 2906 1017 2968 auctorem
1042 2951 1057 2982 ,
1094 2925 1282 2987 quem
1323 2902 1835 2968 Pseudo-Victor
1873 2907 1936 2967 et
1956 2899 2291 2986 Ampelius
2313 2900 2513 2966 secuti
2536 2901 2700 2978 sint,
2728 2900 2942 2986 elogia

546 3030 662 3103 pro
709 3010 1050 3094 praecipuo
1096 3010 1276 3074 fonte
1325 3009 1620 3074 habuisse
1669 3012 1734 3073 et
1777 3009 1930 3072 inde
1996 3011 2168 3092 apud
2215 3029 2321 3073 eos
2363 3028 2745 3072 consensum
2792 3030 2938 3073 cum

548 3116 772 3200 elogiis
815 3117 1027 3180 ortum
1078 3137 1232 3180 esse.

646 3221 1010 3305 Antequam
1074 3242 1323 3306 expono
1345 3267 1360 3298 ,
1424 3221 1580 3305 quid
1646 3221 1768 3286 hac
1821 3223 1900 3285 de
1955 3241 2024 3283 re
2086 3219 2357 3283 sentiam
2378 3265 2394 3297 ‚
2459 3239 2588 3283 non
2654 3218 2933 3282 alienum

550 3326 801 3390 videtur
846 3327 1202 3391 accuratius
1252 3326 1459 3411 elogia
1506 3348 1651 3391 cum
1697 3326 1777 3390 iis
1823 3326 1974 3391 vitis
2021 3345 2408 3408 comparare.

796 3431 1095 3517 Elogium
1153 3432 1429 3497 Romuli.
2121 3432 2199 3495 de
2244 3431 2360 3495 vir.
2409 3430 2502 3496 ill.
2557 3431 2617 3494 2.

774 3536 844 3604 O.
894 3541 946 3604 Ι.
995 3538 1067 3605 L.
1115 3538 1165 3604 Ι.
1215 3562 1277 3623 p.
1323 3540 1474 3604 283.

617 3684 698 3694 —
726 3647 907 3729 isque
932 3645 1175 3729 primus
1200 3647 1326 3709 dux
1352 3648 1511 3710 duce
1535 3646 1682 3710 hos·
1847 3681 1928 3692 —
1945 3665 2018 3708 ac
2037 3646 2260 3708 ducem
2277 3642 2598 3707 Acronem
2623 3643 2942 3726 singulari

548 3754 710 3816 tium
746 3751 997 3816 Acrone
1018 3772 1169 3835 rege
1194 3750 1686 3817 Caeninensium
1802 3751 2148 3816 certamine
2172 3749 2404 3814 devicit
2420 3797 2435 3826 ‚
2459 3772 2490 3814 s
2506 3773 2547 3833 p
2567 3770 2605 3813 o
2624 3749 2684 3812 li
2703 3771 2740 3812 a
2778 3771 2815 3812 o
2831 3771 2874 3832 p
2888 3748 2938 3812 i-

543 3856 879 3922 interfecto
928 3858 1184 3941 spolia
1223 3859 1479 3942 opima
1518 3857 1695 3922 Iovi
1809 3879 1871 3920 m
1891 3877 1929 3920 a
1972 3855 2160 3919 Iovi
2206 3854 2406 3919 Fere
2426 3855 2597 3918 trio
2637 3856 2708 3918 in
2747 3853 2939 3938 Capi-

546 3963 905 4028 Feretrio
956 3982 1038 4026 co
1057 3963 1461 4028 nsecravit
1480 3963 1553 4046 ²),
1593 3984 1695 4026 re·
1813 3962 1969 4027 tolio
2016 3982 2169 4025 con
2187 3982 2218 4024 s
2237 3981 2270 4023 e
2288 3981 2321 4023 c
2339 3961 2518 4024 ravi
2538 3963 2567 4023 t
2594 4008 2609 4024 .
2637 4007 2652 4023 .
2683 4007 2698 4023 .
2719 4009 2732 4024 .
2767 4007 2781 4024 .
2805 3962 2943 4042 ipse

547 4073 888 4153 ceptusque
933 4068 1002 4131 in
1044 4071 1305 4132 deorum
1345 4090 1681 4132 numerum
1796 4088 1912 4152 pro
1961 4068 2078 4131 deo
2129 4067 2336 4131 cultus
2383 4070 2450 4130 et
2497 4065 2800 4142 Quirinus
2844 4070 2942 4131 est

544 4172 793 4249 Quirini
843 4174 1104 4238 nomine
1152 4173 1511 4258 appellatus
1563 4177 1680 4238 est.
1799 4172 2190 4257 appellatus:

614 4349 670 4418 1)
707 4347 1051 4403 Hildesheim.
1088 4345 1162 4401 l.l.
1198 4363 1250 4416 p.
1297 4345 1382 4399 39.
2017 4403 2026 4410 ,

616 4435 670 4501 2)
709 4432 906 4486 Eadem
962 4432 1126 4487 verba
1172 4431 1228 4486 in
1277 4430 1457 4504 elogiis
1494 4435 1550 4486 ct
1577 4430 1634 4485 in
1671 4429 1795 4486 vitis
1808 4473 1824 4496 ,
1862 4447 2000 4501 quae
2031 4428 2513 4495 Hildeshcimerus,
2550 4427 2745 4484 litteris
2781 4427 2942 4500 paulo

533 4518 721 4574 latiore
755 4517 925 4590 spatio
966 4517 1233 4574 distinctis
1264 4517 1607 4588 exprimenda
1632 4516 1836 4572 curavi.
