3184 5342
1684 382 1766 445 10

529 585 680 627 esse.
731 562 938 649 Supra
983 564 1386 648 exposuimus
1421 565 1651 649 quibus
1694 566 1770 629 de
1796 566 1999 631 causis
2022 565 2401 639 Eumannus
2430 566 2918 631 Hildesheimeri

528 671 910 734 sententiam
974 692 1107 734 non
1166 670 1533 755 probaverit
1551 718 1566 749 ‚
1630 672 1740 757 qui
1806 672 2043 737 iudicet
2082 677 2148 737 et
2194 672 2803 737 Pseudo-Victorem
2852 676 2918 736 et

529 775 805 860 elogium
882 781 945 841 et
1005 776 1418 841 Plutarchum
1484 777 1554 841 in
1617 777 1749 842 vita
1810 776 1995 842 Fabii
2056 778 2514 853 conscribenda
2570 799 2648 841 ex
2694 778 2914 842 eodem

528 884 788 946 auctore
823 904 938 947 sua
974 882 1275 949 hausisse.
1320 884 1562 950 Contra
1602 882 1979 948 Enmannus
2018 886 2209 968 putat
2231 904 2609 967 consensum
2634 883 2917 949 Pseudo-

527 987 806 1053 Victoris
868 1011 1010 1053 cum
1081 990 1428 1055 Plutarcho
1491 990 1643 1054 inde
1705 994 1929 1055 natum
1991 1011 2155 1068 esse,
2220 993 2390 1074 quod
2440 992 2679 1068 auctor,
2728 1011 2919 1073 quem

526 1094 1038 1161 Pseudo-Victor
1083 1098 1334 1161 secutus
1379 1096 1466 1161 sit
1483 1143 1501 1174 ‚
1545 1097 1618 1161 in
1671 1095 1855 1161 Fabii
1899 1097 2033 1162 vita
2077 1100 2328 1181 praeter
2364 1096 2641 1179 elogium
2685 1096 2917 1161 librum

527 1201 803 1285 aliquem
823 1249 838 1279 ‚
890 1202 1008 1267 »de
1051 1200 1239 1266 factis
1286 1204 1353 1265 et
1398 1202 1584 1267 dictis
1627 1202 2189 1267 memorabilibus”
2238 1201 2655 1280 adhibuisset,
2694 1201 2914 1285 quales

526 1307 758 1386 libros,
809 1308 917 1391 qui
963 1308 1100 1373 sine
1147 1307 1340 1373 dubio
1388 1329 1609 1373 omnes
1652 1331 1686 1373 e
1727 1308 2050 1373 communi
2088 1307 2271 1373 fonte
2294 1307 2729 1392 manaverint,
2759 1306 2916 1372 Plu-

526 1414 820 1478 tarchum
881 1436 1211 1498 usurpasse
1276 1414 1408 1479 veri
1467 1415 1672 1480 simile
1728 1416 1830 1479 sit.
1895 1414 1993 1479 De
2038 1414 2117 1479 iis
2137 1462 2152 1491 ‚
2200 1436 2361 1499 quae
2406 1414 2476 1478 in
2525 1435 2666 1479 eam
2714 1414 2912 1478 vitam

527 1541 606 1584 ex
673 1520 895 1604 elogiis
966 1519 1220 1584 fluxisse
1288 1522 1478 1603 putat
1499 1568 1514 1599 ‚
1586 1521 1687 1585 his
1756 1520 1964 1586 verbis
2036 1520 2288 1585 disserit
2332 1522 2418 1605 (p.
2472 1521 2669 1606 486):
2740 1519 2912 1584 »Aut

527 1625 1035 1691 Pseudo-Victor
1099 1631 1211 1690 aut
1282 1630 1522 1705 auctor,
1589 1649 1624 1691 6
1686 1648 1813 1712 quo
1877 1627 2113 1711 pendet
2131 1673 2146 1704 ‚
2205 1648 2350 1691 cum
2394 1630 2649 1691 tantum
2700 1629 2916 1690 narret

524 1731 792 1796 Fabium
856 1731 1287 1796 consulem
1351 1754 1425 1797 ea
1484 1734 1750 1816 gessisse
1771 1781 1786 1811 ‚
1840 1755 2003 1818 quae
2073 1734 2137 1797 in
2191 1733 2399 1817 elogio
2446 1754 2560 1817 per
2600 1732 2874 1817 primum
2897 1779 2914 1810 ‚

523 1838 781 1901 tertium
799 1886 814 1915 ‚
876 1841 1176 1922 quartum
1241 1839 1609 1905 consulatus
1673 1840 2179 1923 dictaturamque
2246 1839 2715 1903 distribuantur
2735 1885 2750 1916 ,
2799 1838 2915 1902 hos

524 1942 708 2008 Fabii
776 1944 1050 2009 honores
1119 1944 1189 2008 in
1260 1968 1459 2009 unum
1493 1975 1498 1979 ·
1531 1946 1874 2010 contraxit.
1944 1944 2159 2029 Elogii
2222 1945 2444 2009 verba:
2521 1943 2916 2025 »Ligures

523 2050 884 2133 subegit,
941 2071 1032 2114 ex
1077 2049 1186 2114 iis
1236 2050 1855 2133 triumphavit”
1906 2051 2073 2135 apud
2121 2049 2734 2115 Pseudo-Victorem
2760 2070 2917 2113 con-

523 2158 732 2220 tracta
814 2157 968 2220 sunt
1045 2156 1152 2221 in:
1246 2157 1382 2221 »de
1461 2157 1931 2241 Liguribus
2000 2155 2636 2239 triumphavit.”
2700 2155 2916 2219 Verba

524 2259 1141 2325 »Hannibalem
1206 2283 1434 2327 mora
1495 2263 1807 2351 fregit”
1868 2284 2003 2326 non
2051 2283 2129 2325 ex
2176 2261 2419 2344 elogin,
2489 2261 2598 2324 ubi
2660 2260 2912 2325 »Han-

521 2367 890 2431 nibalem
953 2367 1426 2446 coercuit?
1493 2371 1605 2433 sed
1652 2390 1685 2432 e
1732 2367 1922 2432 Floro
1970 2368 2303 2451 desumpta
2352 2371 2505 2431 sunt
2549 2366 2911 2451 (»Anniba-

521 2472 687 2550 lem,
753 2475 861 2550 ut,
924 2473 1075 2558 quia
1136 2472 1428 2558 frangi
1494 2474 1820 2539 virtute
1868 2495 1999 2537 non
2045 2476 2332 2558 poterat,
2384 2494 2605 2537 mora
2650 2472 2911 2538 commi-

524 2577 891 2645 nueretur.'’
940 2578 973 2643 I
995 2626 1010 2656 ‚
1063 2580 1147 2643 22
1171 2626 1187 2658 ‚
1237 2580 1369 2666 28).
1413 2579 1586 2656 Quae
1622 2579 1855 2644 Fabius
1896 2580 2171 2643 dictator
2209 2580 2341 2662 egit
2380 2580 2550 2663 apud
2574 2582 2913 2661 utrumque

524 2684 824 2747 maiorem
871 2686 1118 2767 partem
1164 2686 1387 2749 iisdem
1436 2686 1643 2749 verbis
1692 2688 1951 2749 narrata
1992 2688 2165 2750 sunt.
2221 2683 2511 2768 Denique
2535 2685 2612 2748 de
2634 2682 2913 2747 Tarento

520 2791 707 2872 capto
756 2792 1022 2873 uterque
1071 2790 1292 2854 eodem
1336 2790 1467 2854 fere
1517 2790 1705 2856 modo
1752 2792 1944 2875 agit.’'

613 2893 680 2959 Si
746 2894 897 2959 licet
961 2894 1158 2959 libere
1226 2897 1432 2962 dicere
1501 2918 1665 2981 quae
1734 2897 1971 2973 senti0‚
2044 2898 2421 2977 argumenta
2442 2942 2457 2971 ‚
2538 2915 2702 2977 quae
2776 2894 2913 2958 En-

523 3022 798 3065 mannus
864 3001 1118 3079 attulit,
1190 3024 1322 3068 non
1386 3004 1607 3087 magni
1670 3002 1977 3068 momenti
2043 3002 2202 3065 mihi
2257 3001 2571 3065 videntur.
2632 2998 2913 3063 Primum

523 3128 684 3190 quae
743 3106 814 3170 in
878 3107 1085 3191 elogio
1145 3112 1211 3172 et
1279 3113 1449 3193 apud
1513 3109 2128 3174 Pseudo-Victorem
2193 3106 2588 3172 conveniunt
2662 3104 2916 3169 aliunde

523 3213 677 3277 satis
724 3216 880 3277 nota
926 3218 1099 3277 sunt.
1165 3214 1433 3279 Fabium
1481 3218 1548 3279 et
1587 3219 1665 3280 de
1705 3214 2048 3299 Liguribus
2088 3212 2370 3277 subactis
2412 3210 2835 3294 triumphasse
2861 3208 2915 3293 1)

520 3321 586 3382 et
632 3318 1066 3383 Hannibalem
1115 3342 1292 3383 mora
1338 3320 1600 3404 fregisse
1649 3324 1715 3386 et
1758 3320 2038 3385 Minucio
2056 3367 2071 3397 ‚
2114 3319 2225 3403 qui
2268 3317 2567 3382 dictatori
2609 3318 2915 3400 aequatus

520 3428 719 3502 esset,
781 3424 1148 3489 subvenisse
1212 3429 1279 3489 et
1321 3426 1670 3490 Tarentum
1719 3427 1957 3510 cepisse
2005 3426 2175 3509 apud
2223 3424 2457 3487 multos
2505 3423 2663 3487 alios
2712 3421 2912 3505 scrip-

519 3534 690 3595 tores
734 3530 974 3595 tradita
1016 3533 1189 3596 sunt.
1281 3530 1528 3595 Deinde
1576 3554 1710 3595 non
1757 3552 2009 3596 necesse
2066 3534 2198 3607 est,
2248 3532 2323 3593 ut
2360 3550 2523 3613 quae
2561 3550 2599 3591 a
2632 3527 2915 3591 Pseudo-

521 3635 781 3701 Victore
825 3637 902 3700 de
946 3637 1310 3721 triumpho,
1358 3658 1548 3721 quem
1587 3636 1826 3702 Fabius
1874 3638 1949 3701 de
1984 3636 2326 3721 Liguribus
2367 3635 2602 3719 egerit,
2643 3656 2916 3698 narran-

520 3743 625 3805 tur
645 3789 661 3819 ‚
721 3764 800 3805 cx
865 3740 1054 3823 elogii
1115 3743 1356 3810 verbis:
1427 3742 1733 3827 »Ligures
1798 3743 2085 3827 subegit,
2151 3764 2227 3806 ex
2297 3742 2376 3806 iis
2447 3739 2913 3823 triumphavit”

519 3848 849 3910 contracta
907 3847 1054 3911 sint.
1129 3847 1390 3933 Saepius
1455 3848 1628 3913 enim
1692 3848 2204 3914 Pseudo-Victor
2266 3868 2349 3911 ne
2413 3847 2606 3911 verbo
2656 3846 2914 3930 quidem

518 3956 976 4017 commemorat
1009 3955 1316 4039 populum
1359 3956 1679 4038 quendam
1715 3954 1883 4019 bello
1924 3956 2235 4020 domitum
2276 3975 2443 4035 esse3
2490 3954 2566 4018 de
2590 3975 2664 4017 eo
2691 3953 2915 4017 trium-

518 4058 782 4143 phatum
831 4080 964 4123 esse
1010 4064 1264 4125 tantum
1313 4061 1513 4124 tradit
1549 4060 1621 4147 2).
1694 4058 1867 4136 Qua'e
1913 4060 2297 4125 Enmannus
2345 4059 2564 4124 attulit
2612 4060 2689 4123 de
2734 4058 2917 4122 Fabii

589 4242 644 4311 1)
682 4241 826 4296 Plut.
865 4240 994 4296 Fab.
1036 4242 1087 4297 2.
1126 4242 1252 4296 Zon.
1289 4242 1439 4296 VIII.
1481 4244 1564 4297 18.
1605 4262 1655 4314 p.
1680 4242 1798 4296 401.
1849 4242 1913 4297 B.
1953 4242 2102 4297 Fasti
2138 4241 2307 4312 Capit.
2348 4241 2408 4296 C.
2447 4241 2493 4296 Ι.
2532 4242 2598 4297 L.
2636 4243 2681 4297 I.
2718 4262 2770 4314 p.
2792 4243 2914 4295 458.

590 4328 646 4398 2)
688 4326 764 4382 Of.
818 4330 879 4394 6,
921 4329 969 4381 8.
1028 4327 1112 4382 De
1158 4326 1366 4383 Sabinis
1415 4332 1470 4383 et
1518 4328 1711 4383 Priscis
1764 4327 1975 4383 Latinis
2026 4326 2389 4398 triumphavit.
2439 4330 2540 4394 15,
2594 4329 2642 4382 1.
2692 4325 2912 4380 Publius

516 4411 823 4469 Valerius..
843 4455 857 4468 .
921 4413 1144 4485 primum
1203 4413 1267 4468 de
1317 4413 1653 4479 Veientibus,
1702 4414 1895 4469 iterum
1947 4414 2013 4469 de
2070 4413 2277 4469 Sabinis
2293 4457 2307 4478 ,
2359 4414 2519 4469 tertio
2568 4414 2647 4489 de.
2680 4410 2912 4479 utrisque

512 4499 763 4571 gentibus
801 4498 1162 4571 triumphavit.
1204 4502 1301 4565 18,
1342 4503 1390 4555 1.
1447 4500 1722 4573 Menenius
1758 4500 2025 4571 Agrippa,
2066 4499 2175 4555 dux
2216 4499 2411 4555 electus
2448 4500 2728 4553 adversum
2769 4495 2910 4551 Sabi-
